%YAML 1.1
%TAG !u! tag:unity3d.com,2011:
--- !u!64 &1311176918
MeshCollider:
  m_ObjectHideFlags: 0
  m_CorrespondingSourceObject: {fileID: 0}
  m_PrefabInstance: {fileID: 0}
  m_PrefabAsset: {fileID: 0}
  m_GameObject: {fileID: 192456252}
  m_Material: {fileID: 0}
  m_IsTrigger: 0
  m_Enabled: 1
  serializedVersion: 3
  m_Convex: 0
  m_CookingOptions: 14
  m_Mesh: {fileID: 4300000, guid: 239b7fcdbe9da37489416fe706d53a2a, type: 3}
--- !u!64 &1366731481
MeshCollider:
  m_ObjectHideFlags: 0
  m_CorrespondingSourceObject: {fileID: 0}
  m_PrefabInstance: {fileID: 0}
  m_PrefabAsset: {fileID: 0}
  m_GameObject: {fileID: 338228287}
  m_Material: {fileID: 0}
  m_IsTrigger: 0
  m_Enabled: 1
  serializedVersion: 3
  m_Convex: 0
  m_CookingOptions: 14
  m_Mesh: {fileID: 4300000, guid: 239b7fcdbe9da37489416fe706d53a2a, type: 3}
--- !u!64 &923889875
MeshCollider:
  m_ObjectHideFlags: 0
  m_CorrespondingSourceObject: {fileID: 0}
  m_PrefabInstance: {fileID: 0}
  m_PrefabAsset: {fileID: 0}
  m_GameObject: {fileID: 376460432}
  m_Material: {fileID: 0}
  m_IsTrigger: 0
  m_Enabled: 1
  serializedVersion: 3
  m_Convex: 0
  m_CookingOptions: 14
  m_Mesh: {fileID: 4300000, guid: 239b7fcdbe9da37489416fe706d53a2a, type: 3}
--- !u!64 &1983128528
MeshCollider:
  m_ObjectHideFlags: 0
  m_CorrespondingSourceObject: {fileID: 0}
  m_PrefabInstance: {fileID: 0}
  m_PrefabAsset: {fileID: 0}
  m_GameObject: {fileID: 862616870}
  m_Material: {fileID: 0}
  m_IsTrigger: 0
  m_Enabled: 1
  serializedVersion: 3
  m_Convex: 0
  m_CookingOptions: 14
  m_Mesh: {fileID: 4300000, guid: 239b7fcdbe9da37489416fe706d53a2a, type: 3}
--- !u!64 &1822882217
MeshCollider:
  m_ObjectHideFlags: 0
  m_CorrespondingSourceObject: {fileID: 0}
  m_PrefabInstance: {fileID: 0}
  m_PrefabAsset: {fileID: 0}
  m_GameObject: {fileID: 1194503089}
  m_Material: {fileID: 0}
  m_IsTrigger: 0
  m_Enabled: 1
  serializedVersion: 3
  m_Convex: 0
  m_CookingOptions: 14
  m_Mesh: {fileID: 4300000, guid: 239b7fcdbe9da37489416fe706d53a2a, type: 3}
--- !u!64 &932285879
MeshCollider:
  m_ObjectHideFlags: 0
  m_CorrespondingSourceObject: {fileID: 0}
  m_PrefabInstance: {fileID: 0}
  m_PrefabAsset: {fileID: 0}
  m_GameObject: {fileID: 1569383541}
  m_Material: {fileID: 0}
  m_IsTrigger: 0
  m_Enabled: 1
  serializedVersion: 3
  m_Convex: 0
  m_CookingOptions: 14
  m_Mesh: {fileID: 4300000, guid: 239b7fcdbe9da37489416fe706d53a2a, type: 3}
--- !u!1 &7742945876946726576
GameObject:
  m_ObjectHideFlags: 0
  m_CorrespondingSourceObject: {fileID: 0}
  m_PrefabInstance: {fileID: 0}
  m_PrefabAsset: {fileID: 0}
  serializedVersion: 6
  m_Component:
  - component: {fileID: 2920482581560013565}
  m_Layer: 0
  m_Name: 5Shelfour
  m_TagString: Untagged
  m_Icon: {fileID: 0}
  m_NavMeshLayer: 0
  m_StaticEditorFlags: 0
  m_IsActive: 1
--- !u!4 &2920482581560013565
Transform:
  m_ObjectHideFlags: 0
  m_CorrespondingSourceObject: {fileID: 0}
  m_PrefabInstance: {fileID: 0}
  m_PrefabAsset: {fileID: 0}
  m_GameObject: {fileID: 7742945876946726576}
  m_LocalRotation: {x: 0, y: 0, z: 0, w: 1}
  m_LocalPosition: {x: 0, y: 0, z: 0}
  m_LocalScale: {x: 1, y: 1, z: 1}
  m_Children:
  - {fileID: 455892667}
  - {fileID: 1194669969}
  - {fileID: 192887324}
  - {fileID: 862839046}
  - {fileID: 338651167}
  - {fileID: 1569552469}
  - {fileID: 376948912}
  m_Father: {fileID: 0}
  m_RootOrder: 0
  m_LocalEulerAnglesHint: {x: 0, y: 0, z: 0}
--- !u!1001 &192487580
PrefabInstance:
  m_ObjectHideFlags: 0
  serializedVersion: 2
  m_Modification:
    m_TransformParent: {fileID: 2920482581560013565}
    m_Modifications:
    - target: {fileID: 100000, guid: 239b7fcdbe9da37489416fe706d53a2a, type: 3}
      propertyPath: m_Name
      value: shelf (6)
      objectReference: {fileID: 0}
    - target: {fileID: 100000, guid: 239b7fcdbe9da37489416fe706d53a2a, type: 3}
      propertyPath: m_Layer
      value: 11
      objectReference: {fileID: 0}
    - target: {fileID: 400000, guid: 239b7fcdbe9da37489416fe706d53a2a, type: 3}
      propertyPath: m_LocalPosition.x
      value: -0.44
      objectReference: {fileID: 0}
    - target: {fileID: 400000, guid: 239b7fcdbe9da37489416fe706d53a2a, type: 3}
      propertyPath: m_LocalPosition.y
      value: 0.34
      objectReference: {fileID: 0}
    - target: {fileID: 400000, guid: 239b7fcdbe9da37489416fe706d53a2a, type: 3}
      propertyPath: m_LocalPosition.z
      value: -3.45
      objectReference: {fileID: 0}
    - target: {fileID: 400000, guid: 239b7fcdbe9da37489416fe706d53a2a, type: 3}
      propertyPath: m_LocalRotation.x
      value: -0.46188256
      objectReference: {fileID: 0}
    - target: {fileID: 400000, guid: 239b7fcdbe9da37489416fe706d53a2a, type: 3}
      propertyPath: m_LocalRotation.y
      value: 0.53541
      objectReference: {fileID: 0}
    - target: {fileID: 400000, guid: 239b7fcdbe9da37489416fe706d53a2a, type: 3}
      propertyPath: m_LocalRotation.z
      value: 0.46188188
      objectReference: {fileID: 0}
    - target: {fileID: 400000, guid: 239b7fcdbe9da37489416fe706d53a2a, type: 3}
      propertyPath: m_LocalRotation.w
      value: 0.5354119
      objectReference: {fileID: 0}
    - target: {fileID: 400000, guid: 239b7fcdbe9da37489416fe706d53a2a, type: 3}
      propertyPath: m_RootOrder
      value: 2
      objectReference: {fileID: 0}
    - target: {fileID: 400000, guid: 239b7fcdbe9da37489416fe706d53a2a, type: 3}
      propertyPath: m_LocalEulerAnglesHint.x
      value: -81.567
      objectReference: {fileID: 0}
    - target: {fileID: 400000, guid: 239b7fcdbe9da37489416fe706d53a2a, type: 3}
      propertyPath: m_LocalEulerAnglesHint.y
      value: 89.999
      objectReference: {fileID: 0}
    - target: {fileID: 400000, guid: 239b7fcdbe9da37489416fe706d53a2a, type: 3}
      propertyPath: m_LocalEulerAnglesHint.z
      value: 0
      objectReference: {fileID: 0}
    - target: {fileID: 400000, guid: 239b7fcdbe9da37489416fe706d53a2a, type: 3}
      propertyPath: m_LocalScale.x
      value: 48.669247
      objectReference: {fileID: 0}
    - target: {fileID: 400000, guid: 239b7fcdbe9da37489416fe706d53a2a, type: 3}
      propertyPath: m_LocalScale.z
      value: 125.453606
      objectReference: {fileID: 0}
    - target: {fileID: 400000, guid: 239b7fcdbe9da37489416fe706d53a2a, type: 3}
      propertyPath: m_LocalScale.y
      value: 100
      objectReference: {fileID: 0}
    - target: {fileID: 2300000, guid: 239b7fcdbe9da37489416fe706d53a2a, type: 3}
      propertyPath: m_Materials.Array.data[0]
      value: 
      objectReference: {fileID: 2100000, guid: fec38052ac27bb947b7478fcc0834936, type: 2}
    m_RemovedComponents: []
  m_SourcePrefab: {fileID: 100100000, guid: 239b7fcdbe9da37489416fe706d53a2a, type: 3}
--- !u!1 &192456252 stripped
GameObject:
  m_CorrespondingSourceObject: {fileID: 100000, guid: 239b7fcdbe9da37489416fe706d53a2a,
    type: 3}
  m_PrefabInstance: {fileID: 192487580}
  m_PrefabAsset: {fileID: 0}
--- !u!4 &192887324 stripped
Transform:
  m_CorrespondingSourceObject: {fileID: 400000, guid: 239b7fcdbe9da37489416fe706d53a2a,
    type: 3}
  m_PrefabInstance: {fileID: 192487580}
  m_PrefabAsset: {fileID: 0}
--- !u!1001 &338260639
PrefabInstance:
  m_ObjectHideFlags: 0
  serializedVersion: 2
  m_Modification:
    m_TransformParent: {fileID: 2920482581560013565}
    m_Modifications:
    - target: {fileID: 100000, guid: 239b7fcdbe9da37489416fe706d53a2a, type: 3}
      propertyPath: m_Name
      value: shelf (9)
      objectReference: {fileID: 0}
    - target: {fileID: 100000, guid: 239b7fcdbe9da37489416fe706d53a2a, type: 3}
      propertyPath: m_Layer
      value: 11
      objectReference: {fileID: 0}
    - target: {fileID: 400000, guid: 239b7fcdbe9da37489416fe706d53a2a, type: 3}
      propertyPath: m_LocalPosition.x
      value: -3.22
      objectReference: {fileID: 0}
    - target: {fileID: 400000, guid: 239b7fcdbe9da37489416fe706d53a2a, type: 3}
      propertyPath: m_LocalPosition.y
      value: 1.05
      objectReference: {fileID: 0}
    - target: {fileID: 400000, guid: 239b7fcdbe9da37489416fe706d53a2a, type: 3}
      propertyPath: m_LocalPosition.z
      value: -5.56
      objectReference: {fileID: 0}
    - target: {fileID: 400000, guid: 239b7fcdbe9da37489416fe706d53a2a, type: 3}
      propertyPath: m_LocalRotation.x
      value: -0.40243867
      objectReference: {fileID: 0}
    - target: {fileID: 400000, guid: 239b7fcdbe9da37489416fe706d53a2a, type: 3}
      propertyPath: m_LocalRotation.y
      value: -0.58141387
      objectReference: {fileID: 0}
    - target: {fileID: 400000, guid: 239b7fcdbe9da37489416fe706d53a2a, type: 3}
      propertyPath: m_LocalRotation.z
      value: -0.40243834
      objectReference: {fileID: 0}
    - target: {fileID: 400000, guid: 239b7fcdbe9da37489416fe706d53a2a, type: 3}
      propertyPath: m_LocalRotation.w
      value: 0.5814159
      objectReference: {fileID: 0}
    - target: {fileID: 400000, guid: 239b7fcdbe9da37489416fe706d53a2a, type: 3}
      propertyPath: m_RootOrder
      value: 4
      objectReference: {fileID: 0}
    - target: {fileID: 400000, guid: 239b7fcdbe9da37489416fe706d53a2a, type: 3}
      propertyPath: m_LocalEulerAnglesHint.x
      value: -69.380005
      objectReference: {fileID: 0}
    - target: {fileID: 400000, guid: 239b7fcdbe9da37489416fe706d53a2a, type: 3}
      propertyPath: m_LocalEulerAnglesHint.y
      value: -90.00001
      objectReference: {fileID: 0}
    - target: {fileID: 400000, guid: 239b7fcdbe9da37489416fe706d53a2a, type: 3}
      propertyPath: m_LocalEulerAnglesHint.z
      value: 0
      objectReference: {fileID: 0}
    - target: {fileID: 400000, guid: 239b7fcdbe9da37489416fe706d53a2a, type: 3}
      propertyPath: m_LocalScale.x
      value: 48.669247
      objectReference: {fileID: 0}
    - target: {fileID: 400000, guid: 239b7fcdbe9da37489416fe706d53a2a, type: 3}
      propertyPath: m_LocalScale.z
      value: 63.042004
      objectReference: {fileID: 0}
    - target: {fileID: 2300000, guid: 239b7fcdbe9da37489416fe706d53a2a, type: 3}
      propertyPath: m_Materials.Array.data[0]
      value: 
      objectReference: {fileID: 2100000, guid: fec38052ac27bb947b7478fcc0834936, type: 2}
    m_RemovedComponents: []
  m_SourcePrefab: {fileID: 100100000, guid: 239b7fcdbe9da37489416fe706d53a2a, type: 3}
--- !u!1 &338228287 stripped
GameObject:
  m_CorrespondingSourceObject: {fileID: 100000, guid: 239b7fcdbe9da37489416fe706d53a2a,
    type: 3}
  m_PrefabInstance: {fileID: 338260639}
  m_PrefabAsset: {fileID: 0}
--- !u!4 &338651167 stripped
Transform:
  m_CorrespondingSourceObject: {fileID: 400000, guid: 239b7fcdbe9da37489416fe706d53a2a,
    type: 3}
  m_PrefabInstance: {fileID: 338260639}
  m_PrefabAsset: {fileID: 0}
--- !u!1001 &376558128
PrefabInstance:
  m_ObjectHideFlags: 0
  serializedVersion: 2
  m_Modification:
    m_TransformParent: {fileID: 2920482581560013565}
    m_Modifications:
    - target: {fileID: 100000, guid: 239b7fcdbe9da37489416fe706d53a2a, type: 3}
      propertyPath: m_Name
      value: shelf (13)
      objectReference: {fileID: 0}
    - target: {fileID: 100000, guid: 239b7fcdbe9da37489416fe706d53a2a, type: 3}
      propertyPath: m_Layer
      value: 11
      objectReference: {fileID: 0}
    - target: {fileID: 400000, guid: 239b7fcdbe9da37489416fe706d53a2a, type: 3}
      propertyPath: m_LocalPosition.x
      value: -3.89
      objectReference: {fileID: 0}
    - target: {fileID: 400000, guid: 239b7fcdbe9da37489416fe706d53a2a, type: 3}
      propertyPath: m_LocalPosition.y
      value: 3.87
      objectReference: {fileID: 0}
    - target: {fileID: 400000, guid: 239b7fcdbe9da37489416fe706d53a2a, type: 3}
      propertyPath: m_LocalPosition.z
      value: -5.619997
      objectReference: {fileID: 0}
    - target: {fileID: 400000, guid: 239b7fcdbe9da37489416fe706d53a2a, type: 3}
      propertyPath: m_LocalRotation.x
      value: -0.006698194
      objectReference: {fileID: 0}
    - target: {fileID: 400000, guid: 239b7fcdbe9da37489416fe706d53a2a, type: 3}
      propertyPath: m_LocalRotation.y
      value: 0.7070782
      objectReference: {fileID: 0}
    - target: {fileID: 400000, guid: 239b7fcdbe9da37489416fe706d53a2a, type: 3}
      propertyPath: m_LocalRotation.z
      value: -0.006699939
      objectReference: {fileID: 0}
    - target: {fileID: 400000, guid: 239b7fcdbe9da37489416fe706d53a2a, type: 3}
      propertyPath: m_LocalRotation.w
      value: -0.70707196
      objectReference: {fileID: 0}
    - target: {fileID: 400000, guid: 239b7fcdbe9da37489416fe706d53a2a, type: 3}
      propertyPath: m_RootOrder
      value: 6
      objectReference: {fileID: 0}
    - target: {fileID: 400000, guid: 239b7fcdbe9da37489416fe706d53a2a, type: 3}
      propertyPath: m_LocalEulerAnglesHint.x
      value: 1.0860001
      objectReference: {fileID: 0}
    - target: {fileID: 400000, guid: 239b7fcdbe9da37489416fe706d53a2a, type: 3}
      propertyPath: m_LocalEulerAnglesHint.y
      value: 269.999
      objectReference: {fileID: 0}
    - target: {fileID: 400000, guid: 239b7fcdbe9da37489416fe706d53a2a, type: 3}
      propertyPath: m_LocalEulerAnglesHint.z
      value: 0
      objectReference: {fileID: 0}
    - target: {fileID: 400000, guid: 239b7fcdbe9da37489416fe706d53a2a, type: 3}
      propertyPath: m_LocalScale.x
      value: 48.669277
      objectReference: {fileID: 0}
    - target: {fileID: 400000, guid: 239b7fcdbe9da37489416fe706d53a2a, type: 3}
      propertyPath: m_LocalScale.z
      value: 63.04204
      objectReference: {fileID: 0}
    - target: {fileID: 2300000, guid: 239b7fcdbe9da37489416fe706d53a2a, type: 3}
      propertyPath: m_Materials.Array.data[0]
      value: 
      objectReference: {fileID: 2100000, guid: fec38052ac27bb947b7478fcc0834936, type: 2}
    m_RemovedComponents: []
  m_SourcePrefab: {fileID: 100100000, guid: 239b7fcdbe9da37489416fe706d53a2a, type: 3}
--- !u!1 &376460432 stripped
GameObject:
  m_CorrespondingSourceObject: {fileID: 100000, guid: 239b7fcdbe9da37489416fe706d53a2a,
    type: 3}
  m_PrefabInstance: {fileID: 376558128}
  m_PrefabAsset: {fileID: 0}
--- !u!4 &376948912 stripped
Transform:
  m_CorrespondingSourceObject: {fileID: 400000, guid: 239b7fcdbe9da37489416fe706d53a2a,
    type: 3}
  m_PrefabInstance: {fileID: 376558128}
  m_PrefabAsset: {fileID: 0}
--- !u!1001 &455754811
PrefabInstance:
  m_ObjectHideFlags: 0
  serializedVersion: 2
  m_Modification:
    m_TransformParent: {fileID: 2920482581560013565}
    m_Modifications:
    - target: {fileID: 100000, guid: 24a1dfedab1e428408c18443b26b9757, type: 3}
      propertyPath: m_Name
      value: cloud
      objectReference: {fileID: 0}
    - target: {fileID: 400000, guid: 24a1dfedab1e428408c18443b26b9757, type: 3}
      propertyPath: m_LocalPosition.x
      value: 5.56
      objectReference: {fileID: 0}
    - target: {fileID: 400000, guid: 24a1dfedab1e428408c18443b26b9757, type: 3}
      propertyPath: m_LocalPosition.y
      value: -6.49
      objectReference: {fileID: 0}
    - target: {fileID: 400000, guid: 24a1dfedab1e428408c18443b26b9757, type: 3}
      propertyPath: m_LocalPosition.z
      value: 3.880001
      objectReference: {fileID: 0}
    - target: {fileID: 400000, guid: 24a1dfedab1e428408c18443b26b9757, type: 3}
      propertyPath: m_LocalRotation.x
      value: -0.50000006
      objectReference: {fileID: 0}
    - target: {fileID: 400000, guid: 24a1dfedab1e428408c18443b26b9757, type: 3}
      propertyPath: m_LocalRotation.y
      value: -0.5
      objectReference: {fileID: 0}
    - target: {fileID: 400000, guid: 24a1dfedab1e428408c18443b26b9757, type: 3}
      propertyPath: m_LocalRotation.z
      value: -0.5
      objectReference: {fileID: 0}
    - target: {fileID: 400000, guid: 24a1dfedab1e428408c18443b26b9757, type: 3}
      propertyPath: m_LocalRotation.w
      value: 0.49999994
      objectReference: {fileID: 0}
    - target: {fileID: 400000, guid: 24a1dfedab1e428408c18443b26b9757, type: 3}
      propertyPath: m_RootOrder
      value: 0
      objectReference: {fileID: 0}
    - target: {fileID: 400000, guid: 24a1dfedab1e428408c18443b26b9757, type: 3}
      propertyPath: m_LocalEulerAnglesHint.x
      value: -90.00001
      objectReference: {fileID: 0}
    - target: {fileID: 400000, guid: 24a1dfedab1e428408c18443b26b9757, type: 3}
      propertyPath: m_LocalEulerAnglesHint.y
      value: 0
      objectReference: {fileID: 0}
    - target: {fileID: 400000, guid: 24a1dfedab1e428408c18443b26b9757, type: 3}
      propertyPath: m_LocalEulerAnglesHint.z
      value: -90.00001
      objectReference: {fileID: 0}
    m_RemovedComponents: []
  m_SourcePrefab: {fileID: 100100000, guid: 24a1dfedab1e428408c18443b26b9757, type: 3}
--- !u!4 &455892667 stripped
Transform:
  m_CorrespondingSourceObject: {fileID: 400000, guid: 24a1dfedab1e428408c18443b26b9757,
    type: 3}
  m_PrefabInstance: {fileID: 455754811}
  m_PrefabAsset: {fileID: 0}
--- !u!1001 &862714758
PrefabInstance:
  m_ObjectHideFlags: 0
  serializedVersion: 2
  m_Modification:
    m_TransformParent: {fileID: 2920482581560013565}
    m_Modifications:
    - target: {fileID: 100000, guid: 239b7fcdbe9da37489416fe706d53a2a, type: 3}
      propertyPath: m_Name
      value: shelf (8)
      objectReference: {fileID: 0}
    - target: {fileID: 100000, guid: 239b7fcdbe9da37489416fe706d53a2a, type: 3}
      propertyPath: m_Layer
      value: 11
      objectReference: {fileID: 0}
    - target: {fileID: 400000, guid: 239b7fcdbe9da37489416fe706d53a2a, type: 3}
      propertyPath: m_LocalPosition.x
      value: -3.22
      objectReference: {fileID: 0}
    - target: {fileID: 400000, guid: 239b7fcdbe9da37489416fe706d53a2a, type: 3}
      propertyPath: m_LocalPosition.y
      value: 1.31
      objectReference: {fileID: 0}
    - target: {fileID: 400000, guid: 239b7fcdbe9da37489416fe706d53a2a, type: 3}
      propertyPath: m_LocalPosition.z
      value: 0.05999756
      objectReference: {fileID: 0}
    - target: {fileID: 400000, guid: 239b7fcdbe9da37489416fe706d53a2a, type: 3}
      propertyPath: m_LocalRotation.x
      value: -0.0051364927
      objectReference: {fileID: 0}
    - target: {fileID: 400000, guid: 239b7fcdbe9da37489416fe706d53a2a, type: 3}
      propertyPath: m_LocalRotation.y
      value: -0.7070873
      objectReference: {fileID: 0}
    - target: {fileID: 400000, guid: 239b7fcdbe9da37489416fe706d53a2a, type: 3}
      propertyPath: m_LocalRotation.z
      value: -0.005135087
      objectReference: {fileID: 0}
    - target: {fileID: 400000, guid: 239b7fcdbe9da37489416fe706d53a2a, type: 3}
      propertyPath: m_LocalRotation.w
      value: 0.707089
      objectReference: {fileID: 0}
    - target: {fileID: 400000, guid: 239b7fcdbe9da37489416fe706d53a2a, type: 3}
      propertyPath: m_RootOrder
      value: 3
      objectReference: {fileID: 0}
    - target: {fileID: 400000, guid: 239b7fcdbe9da37489416fe706d53a2a, type: 3}
      propertyPath: m_LocalEulerAnglesHint.x
      value: -0.832
      objectReference: {fileID: 0}
    - target: {fileID: 400000, guid: 239b7fcdbe9da37489416fe706d53a2a, type: 3}
      propertyPath: m_LocalEulerAnglesHint.y
      value: -90.00001
      objectReference: {fileID: 0}
    - target: {fileID: 400000, guid: 239b7fcdbe9da37489416fe706d53a2a, type: 3}
      propertyPath: m_LocalEulerAnglesHint.z
      value: 0
      objectReference: {fileID: 0}
    - target: {fileID: 400000, guid: 239b7fcdbe9da37489416fe706d53a2a, type: 3}
      propertyPath: m_LocalScale.x
      value: 48.669247
      objectReference: {fileID: 0}
    - target: {fileID: 400000, guid: 239b7fcdbe9da37489416fe706d53a2a, type: 3}
      propertyPath: m_LocalScale.z
      value: 63.042004
      objectReference: {fileID: 0}
    - target: {fileID: 2300000, guid: 239b7fcdbe9da37489416fe706d53a2a, type: 3}
      propertyPath: m_Materials.Array.data[0]
      value: 
      objectReference: {fileID: 2100000, guid: fec38052ac27bb947b7478fcc0834936, type: 2}
    m_RemovedComponents: []
  m_SourcePrefab: {fileID: 100100000, guid: 239b7fcdbe9da37489416fe706d53a2a, type: 3}
--- !u!1 &862616870 stripped
GameObject:
  m_CorrespondingSourceObject: {fileID: 100000, guid: 239b7fcdbe9da37489416fe706d53a2a,
    type: 3}
  m_PrefabInstance: {fileID: 862714758}
  m_PrefabAsset: {fileID: 0}
--- !u!4 &862839046 stripped
Transform:
  m_CorrespondingSourceObject: {fileID: 400000, guid: 239b7fcdbe9da37489416fe706d53a2a,
    type: 3}
  m_PrefabInstance: {fileID: 862714758}
  m_PrefabAsset: {fileID: 0}
--- !u!1001 &1194536209
PrefabInstance:
  m_ObjectHideFlags: 0
  serializedVersion: 2
  m_Modification:
    m_TransformParent: {fileID: 2920482581560013565}
    m_Modifications:
    - target: {fileID: 100000, guid: 239b7fcdbe9da37489416fe706d53a2a, type: 3}
      propertyPath: m_Name
      value: shelf (5)
      objectReference: {fileID: 0}
    - target: {fileID: 100000, guid: 239b7fcdbe9da37489416fe706d53a2a, type: 3}
      propertyPath: m_Layer
      value: 11
      objectReference: {fileID: 0}
    - target: {fileID: 400000, guid: 239b7fcdbe9da37489416fe706d53a2a, type: 3}
      propertyPath: m_LocalPosition.x
      value: -0.44
      objectReference: {fileID: 0}
    - target: {fileID: 400000, guid: 239b7fcdbe9da37489416fe706d53a2a, type: 3}
      propertyPath: m_LocalPosition.y
      value: -1.95
      objectReference: {fileID: 0}
    - target: {fileID: 400000, guid: 239b7fcdbe9da37489416fe706d53a2a, type: 3}
      propertyPath: m_LocalPosition.z
      value: 1.9499989
      objectReference: {fileID: 0}
    - target: {fileID: 400000, guid: 239b7fcdbe9da37489416fe706d53a2a, type: 3}
      propertyPath: m_LocalRotation.x
      value: -0.3973747
      objectReference: {fileID: 0}
    - target: {fileID: 400000, guid: 239b7fcdbe9da37489416fe706d53a2a, type: 3}
      propertyPath: m_LocalRotation.y
      value: 0.58488697
      objectReference: {fileID: 0}
    - target: {fileID: 400000, guid: 239b7fcdbe9da37489416fe706d53a2a, type: 3}
      propertyPath: m_LocalRotation.z
      value: 0.39737377
      objectReference: {fileID: 0}
    - target: {fileID: 400000, guid: 239b7fcdbe9da37489416fe706d53a2a, type: 3}
      propertyPath: m_LocalRotation.w
      value: 0.5848887
      objectReference: {fileID: 0}
    - target: {fileID: 400000, guid: 239b7fcdbe9da37489416fe706d53a2a, type: 3}
      propertyPath: m_RootOrder
      value: 1
      objectReference: {fileID: 0}
    - target: {fileID: 400000, guid: 239b7fcdbe9da37489416fe706d53a2a, type: 3}
      propertyPath: m_LocalEulerAnglesHint.x
      value: -68.385
      objectReference: {fileID: 0}
    - target: {fileID: 400000, guid: 239b7fcdbe9da37489416fe706d53a2a, type: 3}
      propertyPath: m_LocalEulerAnglesHint.y
      value: 90.00001
      objectReference: {fileID: 0}
    - target: {fileID: 400000, guid: 239b7fcdbe9da37489416fe706d53a2a, type: 3}
      propertyPath: m_LocalEulerAnglesHint.z
      value: 0
      objectReference: {fileID: 0}
    - target: {fileID: 400000, guid: 239b7fcdbe9da37489416fe706d53a2a, type: 3}
      propertyPath: m_LocalScale.x
      value: 48.669247
      objectReference: {fileID: 0}
    - target: {fileID: 400000, guid: 239b7fcdbe9da37489416fe706d53a2a, type: 3}
      propertyPath: m_LocalScale.y
      value: 100
      objectReference: {fileID: 0}
    - target: {fileID: 400000, guid: 239b7fcdbe9da37489416fe706d53a2a, type: 3}
      propertyPath: m_LocalScale.z
      value: 100
      objectReference: {fileID: 0}
    - target: {fileID: 2300000, guid: 239b7fcdbe9da37489416fe706d53a2a, type: 3}
      propertyPath: m_Materials.Array.data[0]
      value: 
      objectReference: {fileID: 2100000, guid: fec38052ac27bb947b7478fcc0834936, type: 2}
    m_RemovedComponents: []
  m_SourcePrefab: {fileID: 100100000, guid: 239b7fcdbe9da37489416fe706d53a2a, type: 3}
--- !u!1 &1194503089 stripped
GameObject:
  m_CorrespondingSourceObject: {fileID: 100000, guid: 239b7fcdbe9da37489416fe706d53a2a,
    type: 3}
  m_PrefabInstance: {fileID: 1194536209}
  m_PrefabAsset: {fileID: 0}
--- !u!4 &1194669969 stripped
Transform:
  m_CorrespondingSourceObject: {fileID: 400000, guid: 239b7fcdbe9da37489416fe706d53a2a,
    type: 3}
  m_PrefabInstance: {fileID: 1194536209}
  m_PrefabAsset: {fileID: 0}
--- !u!1001 &1569415893
PrefabInstance:
  m_ObjectHideFlags: 0
  serializedVersion: 2
  m_Modification:
    m_TransformParent: {fileID: 2920482581560013565}
    m_Modifications:
    - target: {fileID: 100000, guid: 239b7fcdbe9da37489416fe706d53a2a, type: 3}
      propertyPath: m_Name
      value: shelf (12)
      objectReference: {fileID: 0}
    - target: {fileID: 100000, guid: 239b7fcdbe9da37489416fe706d53a2a, type: 3}
      propertyPath: m_Layer
      value: 11
      objectReference: {fileID: 0}
    - target: {fileID: 400000, guid: 239b7fcdbe9da37489416fe706d53a2a, type: 3}
      propertyPath: m_LocalPosition.x
      value: 1.02
      objectReference: {fileID: 0}
    - target: {fileID: 400000, guid: 239b7fcdbe9da37489416fe706d53a2a, type: 3}
      propertyPath: m_LocalPosition.y
      value: 2.69
      objectReference: {fileID: 0}
    - target: {fileID: 400000, guid: 239b7fcdbe9da37489416fe706d53a2a, type: 3}
      propertyPath: m_LocalPosition.z
      value: 1.99
      objectReference: {fileID: 0}
    - target: {fileID: 400000, guid: 239b7fcdbe9da37489416fe706d53a2a, type: 3}
      propertyPath: m_LocalRotation.x
      value: 0.04079848
      objectReference: {fileID: 0}
    - target: {fileID: 400000, guid: 239b7fcdbe9da37489416fe706d53a2a, type: 3}
      propertyPath: m_LocalRotation.y
      value: 0.7059277
      objectReference: {fileID: 0}
    - target: {fileID: 400000, guid: 239b7fcdbe9da37489416fe706d53a2a, type: 3}
      propertyPath: m_LocalRotation.z
      value: -0.04079744
      objectReference: {fileID: 0}
    - target: {fileID: 400000, guid: 239b7fcdbe9da37489416fe706d53a2a, type: 3}
      propertyPath: m_LocalRotation.w
      value: 0.70593
      objectReference: {fileID: 0}
    - target: {fileID: 400000, guid: 239b7fcdbe9da37489416fe706d53a2a, type: 3}
      propertyPath: m_RootOrder
      value: 5
      objectReference: {fileID: 0}
    - target: {fileID: 400000, guid: 239b7fcdbe9da37489416fe706d53a2a, type: 3}
      propertyPath: m_LocalEulerAnglesHint.x
      value: 6.6150002
      objectReference: {fileID: 0}
    - target: {fileID: 400000, guid: 239b7fcdbe9da37489416fe706d53a2a, type: 3}
      propertyPath: m_LocalEulerAnglesHint.y
      value: 90.00001
      objectReference: {fileID: 0}
    - target: {fileID: 400000, guid: 239b7fcdbe9da37489416fe706d53a2a, type: 3}
      propertyPath: m_LocalEulerAnglesHint.z
      value: 0
      objectReference: {fileID: 0}
    - target: {fileID: 400000, guid: 239b7fcdbe9da37489416fe706d53a2a, type: 3}
      propertyPath: m_LocalScale.x
      value: 48.669247
      objectReference: {fileID: 0}
    - target: {fileID: 400000, guid: 239b7fcdbe9da37489416fe706d53a2a, type: 3}
      propertyPath: m_LocalScale.z
      value: 63.04198
      objectReference: {fileID: 0}
    - target: {fileID: 2300000, guid: 239b7fcdbe9da37489416fe706d53a2a, type: 3}
      propertyPath: m_Materials.Array.data[0]
      value: 
      objectReference: {fileID: 2100000, guid: fec38052ac27bb947b7478fcc0834936, type: 2}
    m_RemovedComponents: []
  m_SourcePrefab: {fileID: 100100000, guid: 239b7fcdbe9da37489416fe706d53a2a, type: 3}
--- !u!1 &1569383541 stripped
GameObject:
  m_CorrespondingSourceObject: {fileID: 100000, guid: 239b7fcdbe9da37489416fe706d53a2a,
    type: 3}
  m_PrefabInstance: {fileID: 1569415893}
  m_PrefabAsset: {fileID: 0}
--- !u!4 &1569552469 stripped
Transform:
  m_CorrespondingSourceObject: {fileID: 400000, guid: 239b7fcdbe9da37489416fe706d53a2a,
    type: 3}
  m_PrefabInstance: {fileID: 1569415893}
  m_PrefabAsset: {fileID: 0}
