%YAML 1.1
%TAG !u! tag:unity3d.com,2011:
--- !u!1 &17257398438747903
GameObject:
  m_ObjectHideFlags: 0
  m_CorrespondingSourceObject: {fileID: 0}
  m_PrefabInstance: {fileID: 0}
  m_PrefabAsset: {fileID: 0}
  serializedVersion: 6
  m_Component:
  - component: {fileID: 332376689758500390}
  - component: {fileID: 8541062843572489454}
  - component: {fileID: 4117780119983200247}
  - component: {fileID: 798922754755604467}
  - component: {fileID: 3116639474824696230}
  m_Layer: 0
  m_Name: Trigger
  m_TagString: Untagged
  m_Icon: {fileID: 0}
  m_NavMeshLayer: 0
  m_StaticEditorFlags: 0
  m_IsActive: 1
--- !u!4 &332376689758500390
Transform:
  m_ObjectHideFlags: 0
  m_CorrespondingSourceObject: {fileID: 0}
  m_PrefabInstance: {fileID: 0}
  m_PrefabAsset: {fileID: 0}
  m_GameObject: {fileID: 17257398438747903}
  m_LocalRotation: {x: 0, y: 0, z: 0, w: 1}
  m_LocalPosition: {x: 0.0157, y: 0.319, z: 0.0038}
  m_LocalScale: {x: 0.26641566, y: 0.28727293, z: 0.2845282}
  m_Children: []
  m_Father: {fileID: 4218410052695860330}
  m_RootOrder: 0
  m_LocalEulerAnglesHint: {x: 0, y: 0, z: 0}
--- !u!33 &8541062843572489454
MeshFilter:
  m_ObjectHideFlags: 0
  m_CorrespondingSourceObject: {fileID: 0}
  m_PrefabInstance: {fileID: 0}
  m_PrefabAsset: {fileID: 0}
  m_GameObject: {fileID: 17257398438747903}
  m_Mesh: {fileID: 10202, guid: 0000000000000000e000000000000000, type: 0}
--- !u!23 &4117780119983200247
MeshRenderer:
  m_ObjectHideFlags: 0
  m_CorrespondingSourceObject: {fileID: 0}
  m_PrefabInstance: {fileID: 0}
  m_PrefabAsset: {fileID: 0}
  m_GameObject: {fileID: 17257398438747903}
  m_Enabled: 0
  m_CastShadows: 1
  m_ReceiveShadows: 1
  m_DynamicOccludee: 1
  m_MotionVectors: 1
  m_LightProbeUsage: 1
  m_ReflectionProbeUsage: 1
  m_RenderingLayerMask: 1
  m_RendererPriority: 0
  m_Materials:
  - {fileID: 10303, guid: 0000000000000000f000000000000000, type: 0}
  m_StaticBatchInfo:
    firstSubMesh: 0
    subMeshCount: 0
  m_StaticBatchRoot: {fileID: 0}
  m_ProbeAnchor: {fileID: 0}
  m_LightProbeVolumeOverride: {fileID: 0}
  m_ScaleInLightmap: 1
  m_PreserveUVs: 0
  m_IgnoreNormalsForChartDetection: 0
  m_ImportantGI: 0
  m_StitchLightmapSeams: 0
  m_SelectedEditorRenderState: 3
  m_MinimumChartSize: 4
  m_AutoUVMaxDistance: 0.5
  m_AutoUVMaxAngle: 89
  m_LightmapParameters: {fileID: 0}
  m_SortingLayerID: 0
  m_SortingLayer: 0
  m_SortingOrder: 0
--- !u!65 &798922754755604467
BoxCollider:
  m_ObjectHideFlags: 0
  m_CorrespondingSourceObject: {fileID: 0}
  m_PrefabInstance: {fileID: 0}
  m_PrefabAsset: {fileID: 0}
  m_GameObject: {fileID: 17257398438747903}
  m_Material: {fileID: 0}
  m_IsTrigger: 1
  m_Enabled: 1
  serializedVersion: 2
  m_Size: {x: 1, y: 1, z: 1}
  m_Center: {x: 0, y: 0, z: 0}
--- !u!114 &3116639474824696230
MonoBehaviour:
  m_ObjectHideFlags: 0
  m_CorrespondingSourceObject: {fileID: 0}
  m_PrefabInstance: {fileID: 0}
  m_PrefabAsset: {fileID: 0}
  m_GameObject: {fileID: 17257398438747903}
  m_Enabled: 1
  m_EditorHideFlags: 0
  m_Script: {fileID: 11500000, guid: d239550836fa7a1448e06e6fa4c37cb7, type: 3}
  m_Name: 
  m_EditorClassIdentifier: 
  ballConsumer: {fileID: 2779181481953312891}
--- !u!1 &144099563691573292
GameObject:
  m_ObjectHideFlags: 0
  m_CorrespondingSourceObject: {fileID: 0}
  m_PrefabInstance: {fileID: 0}
  m_PrefabAsset: {fileID: 0}
  serializedVersion: 6
  m_Component:
  - component: {fileID: 5589601277483689030}
  - component: {fileID: 5364898360345541280}
  - component: {fileID: 4553308171895817244}
  - component: {fileID: 4578134468795092448}
  m_Layer: 0
  m_Name: cannon_ballcatcher
  m_TagString: Untagged
  m_Icon: {fileID: 0}
  m_NavMeshLayer: 0
  m_StaticEditorFlags: 0
  m_IsActive: 1
--- !u!4 &5589601277483689030
Transform:
  m_ObjectHideFlags: 0
  m_CorrespondingSourceObject: {fileID: 0}
  m_PrefabInstance: {fileID: 0}
  m_PrefabAsset: {fileID: 0}
  m_GameObject: {fileID: 144099563691573292}
  m_LocalRotation: {x: 0.13769329, y: -0.69357085, z: 0.693571, w: -0.13769342}
  m_LocalPosition: {x: -0, y: -0.000000785666, z: 0.0317}
  m_LocalScale: {x: 0.18227999, y: 0.26566917, z: 0.72082317}
  m_Children: []
  m_Father: {fileID: 8836143396738964880}
  m_RootOrder: 0
  m_LocalEulerAnglesHint: {x: 0, y: 0, z: 0}
--- !u!33 &5364898360345541280
MeshFilter:
  m_ObjectHideFlags: 0
  m_CorrespondingSourceObject: {fileID: 0}
  m_PrefabInstance: {fileID: 0}
  m_PrefabAsset: {fileID: 0}
  m_GameObject: {fileID: 144099563691573292}
  m_Mesh: {fileID: 4300004, guid: 74853d863b5a31a44b1f33ab62c1beaa, type: 3}
--- !u!23 &4553308171895817244
MeshRenderer:
  m_ObjectHideFlags: 0
  m_CorrespondingSourceObject: {fileID: 0}
  m_PrefabInstance: {fileID: 0}
  m_PrefabAsset: {fileID: 0}
  m_GameObject: {fileID: 144099563691573292}
  m_Enabled: 1
  m_CastShadows: 1
  m_ReceiveShadows: 1
  m_DynamicOccludee: 1
  m_MotionVectors: 1
  m_LightProbeUsage: 1
  m_ReflectionProbeUsage: 1
  m_RenderingLayerMask: 1
  m_RendererPriority: 0
  m_Materials:
  - {fileID: 2100000, guid: 74853d863b5a31a44b1f33ab62c1beaa, type: 3}
  m_StaticBatchInfo:
    firstSubMesh: 0
    subMeshCount: 0
  m_StaticBatchRoot: {fileID: 0}
  m_ProbeAnchor: {fileID: 0}
  m_LightProbeVolumeOverride: {fileID: 0}
  m_ScaleInLightmap: 1
  m_PreserveUVs: 0
  m_IgnoreNormalsForChartDetection: 0
  m_ImportantGI: 0
  m_StitchLightmapSeams: 0
  m_SelectedEditorRenderState: 3
  m_MinimumChartSize: 4
  m_AutoUVMaxDistance: 0.5
  m_AutoUVMaxAngle: 89
  m_LightmapParameters: {fileID: 0}
  m_SortingLayerID: 0
  m_SortingLayer: 0
  m_SortingOrder: 0
--- !u!64 &4578134468795092448
MeshCollider:
  m_ObjectHideFlags: 0
  m_CorrespondingSourceObject: {fileID: 0}
  m_PrefabInstance: {fileID: 0}
  m_PrefabAsset: {fileID: 0}
  m_GameObject: {fileID: 144099563691573292}
  m_Material: {fileID: 0}
  m_IsTrigger: 0
  m_Enabled: 0
  serializedVersion: 3
  m_Convex: 0
  m_CookingOptions: 14
  m_Mesh: {fileID: 4300004, guid: 74853d863b5a31a44b1f33ab62c1beaa, type: 3}
--- !u!1 &1957753854140873886
GameObject:
  m_ObjectHideFlags: 0
  m_CorrespondingSourceObject: {fileID: 0}
  m_PrefabInstance: {fileID: 0}
  m_PrefabAsset: {fileID: 0}
  serializedVersion: 6
  m_Component:
  - component: {fileID: 2380768807092433714}
  - component: {fileID: 9137776498547795716}
  - component: {fileID: 5198533148115785423}
  - component: {fileID: 8069502538517563826}
  m_Layer: 0
  m_Name: silly tube (3)
  m_TagString: NoDeath
  m_Icon: {fileID: 0}
  m_NavMeshLayer: 0
  m_StaticEditorFlags: 0
  m_IsActive: 1
--- !u!4 &2380768807092433714
Transform:
  m_ObjectHideFlags: 0
  m_CorrespondingSourceObject: {fileID: 0}
  m_PrefabInstance: {fileID: 0}
  m_PrefabAsset: {fileID: 0}
  m_GameObject: {fileID: 1957753854140873886}
  m_LocalRotation: {x: -0, y: 0.96429724, z: -0, w: 0.26482257}
  m_LocalPosition: {x: 0.675, y: 4.5015, z: -0.9949999}
  m_LocalScale: {x: 151.2602, y: 151.26001, z: 151.2602}
  m_Children: []
  m_Father: {fileID: 6129872448193556494}
  m_RootOrder: 0
  m_LocalEulerAnglesHint: {x: 0, y: 149.287, z: 0}
--- !u!33 &9137776498547795716
MeshFilter:
  m_ObjectHideFlags: 0
  m_CorrespondingSourceObject: {fileID: 0}
  m_PrefabInstance: {fileID: 0}
  m_PrefabAsset: {fileID: 0}
  m_GameObject: {fileID: 1957753854140873886}
  m_Mesh: {fileID: 4300002, guid: 0a614feab86f5f54f8714ea049e8b500, type: 3}
--- !u!23 &5198533148115785423
MeshRenderer:
  m_ObjectHideFlags: 0
  m_CorrespondingSourceObject: {fileID: 0}
  m_PrefabInstance: {fileID: 0}
  m_PrefabAsset: {fileID: 0}
  m_GameObject: {fileID: 1957753854140873886}
  m_Enabled: 1
  m_CastShadows: 1
  m_ReceiveShadows: 1
  m_DynamicOccludee: 1
  m_MotionVectors: 1
  m_LightProbeUsage: 1
  m_ReflectionProbeUsage: 1
  m_RenderingLayerMask: 1
  m_RendererPriority: 0
  m_Materials:
  - {fileID: 2100000, guid: c30c3db7cdc05c446bfdb0cb2293efae, type: 2}
  m_StaticBatchInfo:
    firstSubMesh: 0
    subMeshCount: 0
  m_StaticBatchRoot: {fileID: 0}
  m_ProbeAnchor: {fileID: 0}
  m_LightProbeVolumeOverride: {fileID: 0}
  m_ScaleInLightmap: 1
  m_PreserveUVs: 0
  m_IgnoreNormalsForChartDetection: 0
  m_ImportantGI: 0
  m_StitchLightmapSeams: 0
  m_SelectedEditorRenderState: 3
  m_MinimumChartSize: 4
  m_AutoUVMaxDistance: 0.5
  m_AutoUVMaxAngle: 89
  m_LightmapParameters: {fileID: 0}
  m_SortingLayerID: 0
  m_SortingLayer: 0
  m_SortingOrder: 0
--- !u!64 &8069502538517563826
MeshCollider:
  m_ObjectHideFlags: 0
  m_CorrespondingSourceObject: {fileID: 0}
  m_PrefabInstance: {fileID: 0}
  m_PrefabAsset: {fileID: 0}
  m_GameObject: {fileID: 1957753854140873886}
  m_Material: {fileID: 13400000, guid: 327517f671f91c04bb14db49d11f6c68, type: 2}
  m_IsTrigger: 0
  m_Enabled: 1
  serializedVersion: 3
  m_Convex: 0
  m_CookingOptions: 14
  m_Mesh: {fileID: 4300002, guid: 0a614feab86f5f54f8714ea049e8b500, type: 3}
--- !u!1 &2363139307738523195
GameObject:
  m_ObjectHideFlags: 0
  m_CorrespondingSourceObject: {fileID: 0}
  m_PrefabInstance: {fileID: 0}
  m_PrefabAsset: {fileID: 0}
  serializedVersion: 6
  m_Component:
  - component: {fileID: 2213522884984573952}
  - component: {fileID: 8211841022103143517}
  - component: {fileID: 2021076054719162983}
  m_Layer: 0
  m_Name: cannon_cannon
  m_TagString: Untagged
  m_Icon: {fileID: 0}
  m_NavMeshLayer: 0
  m_StaticEditorFlags: 0
  m_IsActive: 1
--- !u!4 &2213522884984573952
Transform:
  m_ObjectHideFlags: 0
  m_CorrespondingSourceObject: {fileID: 0}
  m_PrefabInstance: {fileID: 0}
  m_PrefabAsset: {fileID: 0}
  m_GameObject: {fileID: 2363139307738523195}
  m_LocalRotation: {x: 0.6938231, y: 0.13641396, z: -0.69382405, w: 0.13641456}
  m_LocalPosition: {x: 0.028563943, y: 0.026759956, z: -0.0001497604}
  m_LocalScale: {x: 47.38131, y: 47.381317, z: 187.3685}
  m_Children: []
  m_Father: {fileID: 6240604970343956366}
  m_RootOrder: 0
  m_LocalEulerAnglesHint: {x: -202.246, y: 89.99999, z: -0.000015258789}
--- !u!33 &8211841022103143517
MeshFilter:
  m_ObjectHideFlags: 0
  m_CorrespondingSourceObject: {fileID: 0}
  m_PrefabInstance: {fileID: 0}
  m_PrefabAsset: {fileID: 0}
  m_GameObject: {fileID: 2363139307738523195}
  m_Mesh: {fileID: 4300002, guid: 74853d863b5a31a44b1f33ab62c1beaa, type: 3}
--- !u!23 &2021076054719162983
MeshRenderer:
  m_ObjectHideFlags: 0
  m_CorrespondingSourceObject: {fileID: 0}
  m_PrefabInstance: {fileID: 0}
  m_PrefabAsset: {fileID: 0}
  m_GameObject: {fileID: 2363139307738523195}
  m_Enabled: 1
  m_CastShadows: 1
  m_ReceiveShadows: 1
  m_DynamicOccludee: 1
  m_MotionVectors: 1
  m_LightProbeUsage: 1
  m_ReflectionProbeUsage: 1
  m_RenderingLayerMask: 1
  m_RendererPriority: 0
  m_Materials:
  - {fileID: 2100000, guid: 74853d863b5a31a44b1f33ab62c1beaa, type: 3}
  m_StaticBatchInfo:
    firstSubMesh: 0
    subMeshCount: 0
  m_StaticBatchRoot: {fileID: 0}
  m_ProbeAnchor: {fileID: 0}
  m_LightProbeVolumeOverride: {fileID: 0}
  m_ScaleInLightmap: 1
  m_PreserveUVs: 0
  m_IgnoreNormalsForChartDetection: 0
  m_ImportantGI: 0
  m_StitchLightmapSeams: 0
  m_SelectedEditorRenderState: 3
  m_MinimumChartSize: 4
  m_AutoUVMaxDistance: 0.5
  m_AutoUVMaxAngle: 89
  m_LightmapParameters: {fileID: 0}
  m_SortingLayerID: 0
  m_SortingLayer: 0
  m_SortingOrder: 0
--- !u!1 &2397861968777662929
GameObject:
  m_ObjectHideFlags: 0
  m_CorrespondingSourceObject: {fileID: 0}
  m_PrefabInstance: {fileID: 0}
  m_PrefabAsset: {fileID: 0}
  serializedVersion: 6
  m_Component:
  - component: {fileID: 7813805699665959233}
  - component: {fileID: 7387563044676425642}
  - component: {fileID: 6095377287823651739}
  m_Layer: 0
  m_Name: cannon_rotation_lever
  m_TagString: Untagged
  m_Icon: {fileID: 0}
  m_NavMeshLayer: 0
  m_StaticEditorFlags: 0
  m_IsActive: 1
--- !u!4 &7813805699665959233
Transform:
  m_ObjectHideFlags: 0
  m_CorrespondingSourceObject: {fileID: 0}
  m_PrefabInstance: {fileID: 0}
  m_PrefabAsset: {fileID: 0}
  m_GameObject: {fileID: 2397861968777662929}
  m_LocalRotation: {x: 0.39306456, y: 0.5877927, z: 0.58779263, w: 0.39306456}
  m_LocalPosition: {x: 0.0009, y: 0.0003535623, z: 0.0121}
  m_LocalScale: {x: 0.07875805, y: 0.11478816, z: 0.07875805}
  m_Children: []
  m_Father: {fileID: 8836143396738964880}
  m_RootOrder: 1
  m_LocalEulerAnglesHint: {x: 0, y: 0, z: 0}
--- !u!33 &7387563044676425642
MeshFilter:
  m_ObjectHideFlags: 0
  m_CorrespondingSourceObject: {fileID: 0}
  m_PrefabInstance: {fileID: 0}
  m_PrefabAsset: {fileID: 0}
  m_GameObject: {fileID: 2397861968777662929}
  m_Mesh: {fileID: 4300006, guid: 74853d863b5a31a44b1f33ab62c1beaa, type: 3}
--- !u!23 &6095377287823651739
MeshRenderer:
  m_ObjectHideFlags: 0
  m_CorrespondingSourceObject: {fileID: 0}
  m_PrefabInstance: {fileID: 0}
  m_PrefabAsset: {fileID: 0}
  m_GameObject: {fileID: 2397861968777662929}
  m_Enabled: 1
  m_CastShadows: 1
  m_ReceiveShadows: 1
  m_DynamicOccludee: 1
  m_MotionVectors: 1
  m_LightProbeUsage: 1
  m_ReflectionProbeUsage: 1
  m_RenderingLayerMask: 1
  m_RendererPriority: 0
  m_Materials:
  - {fileID: 2100000, guid: 74853d863b5a31a44b1f33ab62c1beaa, type: 3}
  m_StaticBatchInfo:
    firstSubMesh: 0
    subMeshCount: 0
  m_StaticBatchRoot: {fileID: 0}
  m_ProbeAnchor: {fileID: 0}
  m_LightProbeVolumeOverride: {fileID: 0}
  m_ScaleInLightmap: 1
  m_PreserveUVs: 0
  m_IgnoreNormalsForChartDetection: 0
  m_ImportantGI: 0
  m_StitchLightmapSeams: 0
  m_SelectedEditorRenderState: 3
  m_MinimumChartSize: 4
  m_AutoUVMaxDistance: 0.5
  m_AutoUVMaxAngle: 89
  m_LightmapParameters: {fileID: 0}
  m_SortingLayerID: 0
  m_SortingLayer: 0
  m_SortingOrder: 0
--- !u!1 &2709067155890888566
GameObject:
  m_ObjectHideFlags: 0
  m_CorrespondingSourceObject: {fileID: 0}
  m_PrefabInstance: {fileID: 0}
  m_PrefabAsset: {fileID: 0}
  serializedVersion: 6
  m_Component:
  - component: {fileID: 4218410052695860330}
  - component: {fileID: 2483514649399802429}
  - component: {fileID: 4323072056686853312}
  - component: {fileID: 2227882594261328728}
  - component: {fileID: 2779181481953312891}
  m_Layer: 9
  m_Name: UltraMultiCannon (9)
  m_TagString: Untagged
  m_Icon: {fileID: 0}
  m_NavMeshLayer: 0
  m_StaticEditorFlags: 0
  m_IsActive: 1
--- !u!4 &4218410052695860330
Transform:
  m_ObjectHideFlags: 0
  m_CorrespondingSourceObject: {fileID: 0}
  m_PrefabInstance: {fileID: 0}
  m_PrefabAsset: {fileID: 0}
  m_GameObject: {fileID: 2709067155890888566}
  m_LocalRotation: {x: -0, y: 0.9999986, z: -0, w: 0.0016748778}
  m_LocalPosition: {x: -1.641, y: -3.69, z: 4.36}
  m_LocalScale: {x: 1, y: 1, z: 1}
  m_Children:
  - {fileID: 332376689758500390}
  - {fileID: 2507371528048833280}
  - {fileID: 8836143396738964880}
  - {fileID: 5725859072206687907}
  - {fileID: 6240604970343956366}
  - {fileID: 5598496119512590954}
  - {fileID: 8115286120577304939}
  m_Father: {fileID: 3714747888566288216}
  m_RootOrder: 3
  m_LocalEulerAnglesHint: {x: 0, y: 179.80801, z: 0}
--- !u!54 &2483514649399802429
Rigidbody:
  m_ObjectHideFlags: 0
  m_CorrespondingSourceObject: {fileID: 0}
  m_PrefabInstance: {fileID: 0}
  m_PrefabAsset: {fileID: 0}
  m_GameObject: {fileID: 2709067155890888566}
  serializedVersion: 2
  m_Mass: 1
  m_Drag: 0
  m_AngularDrag: 0.05
  m_UseGravity: 1
  m_IsKinematic: 1
  m_Interpolate: 0
  m_Constraints: 0
  m_CollisionDetection: 0
--- !u!114 &4323072056686853312
MonoBehaviour:
  m_ObjectHideFlags: 0
  m_CorrespondingSourceObject: {fileID: 0}
  m_PrefabInstance: {fileID: 0}
  m_PrefabAsset: {fileID: 0}
  m_GameObject: {fileID: 2709067155890888566}
  m_Enabled: 1
  m_EditorHideFlags: 0
  m_Script: {fileID: 11500000, guid: fa4a39dec1a23a043a14d554ccce8fe0, type: 3}
  m_Name: 
  m_EditorClassIdentifier: 
  Rigidbody: {fileID: 2483514649399802429}
  CanAttach: 1
  AllowTwoHanded: 0
  DisableKinematicOnAttach: 1
  EnableKinematicOnDetach: 0
  DropDistance: 1
  EnableGravityOnDetach: 1
  AttachedHands: []
  InteractionPoint: {fileID: 0}
  OnUseButtonDown:
    m_PersistentCalls:
      m_Calls: []
    m_TypeName: UnityEngine.Events.UnityEvent, UnityEngine.CoreModule, Version=0.0.0.0,
      Culture=neutral, PublicKeyToken=null
  OnUseButtonUp:
    m_PersistentCalls:
      m_Calls: []
    m_TypeName: UnityEngine.Events.UnityEvent, UnityEngine.CoreModule, Version=0.0.0.0,
      Culture=neutral, PublicKeyToken=null
  OnHovering:
    m_PersistentCalls:
      m_Calls: []
    m_TypeName: UnityEngine.Events.UnityEvent, UnityEngine.CoreModule, Version=0.0.0.0,
      Culture=neutral, PublicKeyToken=null
  OnBeginInteraction:
    m_PersistentCalls:
      m_Calls: []
    m_TypeName: UnityEngine.Events.UnityEvent, UnityEngine.CoreModule, Version=0.0.0.0,
      Culture=neutral, PublicKeyToken=null
  OnEndInteraction:
    m_PersistentCalls:
      m_Calls: []
    m_TypeName: UnityEngine.Events.UnityEvent, UnityEngine.CoreModule, Version=0.0.0.0,
      Culture=neutral, PublicKeyToken=null
--- !u!65 &2227882594261328728
BoxCollider:
  m_ObjectHideFlags: 0
  m_CorrespondingSourceObject: {fileID: 0}
  m_PrefabInstance: {fileID: 0}
  m_PrefabAsset: {fileID: 0}
  m_GameObject: {fileID: 2709067155890888566}
  m_Material: {fileID: 0}
  m_IsTrigger: 0
  m_Enabled: 1
  serializedVersion: 2
  m_Size: {x: 0.3, y: 0.3, z: 0.3}
  m_Center: {x: 0, y: 0.15, z: 0}
--- !u!114 &2779181481953312891
MonoBehaviour:
  m_ObjectHideFlags: 0
  m_CorrespondingSourceObject: {fileID: 0}
  m_PrefabInstance: {fileID: 0}
  m_PrefabAsset: {fileID: 0}
  m_GameObject: {fileID: 2709067155890888566}
  m_Enabled: 1
  m_EditorHideFlags: 0
  m_Script: {fileID: 11500000, guid: 1b5ef495c0de28945894d80ff5ad8d49, type: 3}
  m_Name: 
  m_EditorClassIdentifier: 
  spawnTransforms:
  - {fileID: 4777756795142311998}
  - {fileID: 5521426521282871691}
  - {fileID: 4646660963182752043}
  - {fileID: 2618502219584970320}
  ballPrefab: {fileID: 1500537989, guid: 423f972be2aad344fb731f43816ebe6f, type: 3}
  power: 6.64
--- !u!1 &3493386964898763719
GameObject:
  m_ObjectHideFlags: 0
  m_CorrespondingSourceObject: {fileID: 0}
  m_PrefabInstance: {fileID: 0}
  m_PrefabAsset: {fileID: 0}
  serializedVersion: 6
  m_Component:
  - component: {fileID: 2618502219584970320}
  m_Layer: 0
  m_Name: Spawn
  m_TagString: Untagged
  m_Icon: {fileID: 0}
  m_NavMeshLayer: 0
  m_StaticEditorFlags: 0
  m_IsActive: 1
--- !u!4 &2618502219584970320
Transform:
  m_ObjectHideFlags: 0
  m_CorrespondingSourceObject: {fileID: 0}
  m_PrefabInstance: {fileID: 0}
  m_PrefabAsset: {fileID: 0}
  m_GameObject: {fileID: 3493386964898763719}
  m_LocalRotation: {x: -0.5963212, y: 0.38000086, z: -0.38000137, w: 0.5963215}
  m_LocalPosition: {x: 3.52, y: 1.64, z: 0}
  m_LocalScale: {x: 0.14621998, y: 0.16971138, z: 0.14622}
  m_Children: []
  m_Father: {fileID: 8115286120577304939}
  m_RootOrder: 1
  m_LocalEulerAnglesHint: {x: -24.986002, y: 90.00001, z: -90.00001}
--- !u!1 &4035806137552173967
GameObject:
  m_ObjectHideFlags: 0
  m_CorrespondingSourceObject: {fileID: 0}
  m_PrefabInstance: {fileID: 0}
  m_PrefabAsset: {fileID: 0}
  serializedVersion: 6
  m_Component:
  - component: {fileID: 6240604970343956366}
  m_Layer: 0
  m_Name: PipeRoot (1)
  m_TagString: Untagged
  m_Icon: {fileID: 0}
  m_NavMeshLayer: 0
  m_StaticEditorFlags: 0
  m_IsActive: 1
--- !u!4 &6240604970343956366
Transform:
  m_ObjectHideFlags: 0
  m_CorrespondingSourceObject: {fileID: 0}
  m_PrefabInstance: {fileID: 0}
  m_PrefabAsset: {fileID: 0}
  m_GameObject: {fileID: 4035806137552173967}
  m_LocalRotation: {x: -0.357426, y: -0.9339415, z: 0.00000093877316, w: 0.0000023841858}
  m_LocalPosition: {x: -0.124, y: 0.139, z: -0.034}
  m_LocalScale: {x: 0.102906056, y: 0.102906056, z: 0.102906056}
  m_Children:
  - {fileID: 2213522884984573952}
  - {fileID: 5521426521282871691}
  m_Father: {fileID: 4218410052695860330}
  m_RootOrder: 4
  m_LocalEulerAnglesHint: {x: 0, y: -180.00002, z: 41.884003}
--- !u!1 &4138945272891949037
GameObject:
  m_ObjectHideFlags: 0
  m_CorrespondingSourceObject: {fileID: 0}
  m_PrefabInstance: {fileID: 0}
  m_PrefabAsset: {fileID: 0}
  serializedVersion: 6
  m_Component:
  - component: {fileID: 6129872448193556494}
  m_Layer: 0
  m_Name: GameObject (2)
  m_TagString: Untagged
  m_Icon: {fileID: 0}
  m_NavMeshLayer: 0
  m_StaticEditorFlags: 0
  m_IsActive: 1
--- !u!4 &6129872448193556494
Transform:
  m_ObjectHideFlags: 0
  m_CorrespondingSourceObject: {fileID: 0}
  m_PrefabInstance: {fileID: 0}
  m_PrefabAsset: {fileID: 0}
  m_GameObject: {fileID: 4138945272891949037}
  m_LocalRotation: {x: -0, y: -0, z: -0, w: 1}
  m_LocalPosition: {x: -2.3509998, y: -8.85, z: 9.007}
  m_LocalScale: {x: 1, y: 1, z: 1}
  m_Children:
  - {fileID: 2380768807092433714}
  - {fileID: 5720785371823223291}
  m_Father: {fileID: 3714747888566288216}
  m_RootOrder: 2
  m_LocalEulerAnglesHint: {x: 0, y: 0, z: 0}
--- !u!1 &4494655241245774340
GameObject:
  m_ObjectHideFlags: 0
  m_CorrespondingSourceObject: {fileID: 0}
  m_PrefabInstance: {fileID: 0}
  m_PrefabAsset: {fileID: 0}
  serializedVersion: 6
  m_Component:
  - component: {fileID: 8115286120577304939}
  m_Layer: 0
  m_Name: PipeRoot (3)
  m_TagString: Untagged
  m_Icon: {fileID: 0}
  m_NavMeshLayer: 0
  m_StaticEditorFlags: 0
  m_IsActive: 1
--- !u!4 &8115286120577304939
Transform:
  m_ObjectHideFlags: 0
  m_CorrespondingSourceObject: {fileID: 0}
  m_PrefabInstance: {fileID: 0}
  m_PrefabAsset: {fileID: 0}
  m_GameObject: {fileID: 4494655241245774340}
  m_LocalRotation: {x: -0.2460478, y: -0.6429141, z: -0.2592563, w: -0.6774276}
  m_LocalPosition: {x: 0.044432446, y: 0.139, z: -0.15505433}
  m_LocalScale: {x: 0.102906056, y: 0.102906056, z: 0.102906056}
  m_Children:
  - {fileID: 7926465491703159460}
  - {fileID: 2618502219584970320}
  m_Father: {fileID: 4218410052695860330}
  m_RootOrder: 6
  m_LocalEulerAnglesHint: {x: 0, y: -180.00002, z: 41.884003}
--- !u!1 &5117439379729905936
GameObject:
  m_ObjectHideFlags: 0
  m_CorrespondingSourceObject: {fileID: 0}
  m_PrefabInstance: {fileID: 0}
  m_PrefabAsset: {fileID: 0}
  serializedVersion: 6
  m_Component:
  - component: {fileID: 7440969922710545408}
  - component: {fileID: 7098408295796364293}
  - component: {fileID: 1660963407166274734}
  m_Layer: 0
  m_Name: cannon_cannon
  m_TagString: Untagged
  m_Icon: {fileID: 0}
  m_NavMeshLayer: 0
  m_StaticEditorFlags: 0
  m_IsActive: 1
--- !u!4 &7440969922710545408
Transform:
  m_ObjectHideFlags: 0
  m_CorrespondingSourceObject: {fileID: 0}
  m_PrefabInstance: {fileID: 0}
  m_PrefabAsset: {fileID: 0}
  m_GameObject: {fileID: 5117439379729905936}
  m_LocalRotation: {x: 0.6938231, y: 0.13641396, z: -0.69382405, w: 0.13641456}
  m_LocalPosition: {x: 0.028563943, y: 0.026759956, z: -0.0001497604}
  m_LocalScale: {x: 47.38131, y: 47.381317, z: 187.3685}
  m_Children: []
  m_Father: {fileID: 5598496119512590954}
  m_RootOrder: 0
  m_LocalEulerAnglesHint: {x: -202.246, y: 89.99999, z: -0.000015258789}
--- !u!33 &7098408295796364293
MeshFilter:
  m_ObjectHideFlags: 0
  m_CorrespondingSourceObject: {fileID: 0}
  m_PrefabInstance: {fileID: 0}
  m_PrefabAsset: {fileID: 0}
  m_GameObject: {fileID: 5117439379729905936}
  m_Mesh: {fileID: 4300002, guid: 74853d863b5a31a44b1f33ab62c1beaa, type: 3}
--- !u!23 &1660963407166274734
MeshRenderer:
  m_ObjectHideFlags: 0
  m_CorrespondingSourceObject: {fileID: 0}
  m_PrefabInstance: {fileID: 0}
  m_PrefabAsset: {fileID: 0}
  m_GameObject: {fileID: 5117439379729905936}
  m_Enabled: 1
  m_CastShadows: 1
  m_ReceiveShadows: 1
  m_DynamicOccludee: 1
  m_MotionVectors: 1
  m_LightProbeUsage: 1
  m_ReflectionProbeUsage: 1
  m_RenderingLayerMask: 1
  m_RendererPriority: 0
  m_Materials:
  - {fileID: 2100000, guid: 74853d863b5a31a44b1f33ab62c1beaa, type: 3}
  m_StaticBatchInfo:
    firstSubMesh: 0
    subMeshCount: 0
  m_StaticBatchRoot: {fileID: 0}
  m_ProbeAnchor: {fileID: 0}
  m_LightProbeVolumeOverride: {fileID: 0}
  m_ScaleInLightmap: 1
  m_PreserveUVs: 0
  m_IgnoreNormalsForChartDetection: 0
  m_ImportantGI: 0
  m_StitchLightmapSeams: 0
  m_SelectedEditorRenderState: 3
  m_MinimumChartSize: 4
  m_AutoUVMaxDistance: 0.5
  m_AutoUVMaxAngle: 89
  m_LightmapParameters: {fileID: 0}
  m_SortingLayerID: 0
  m_SortingLayer: 0
  m_SortingOrder: 0
--- !u!1 &5516163357614061452
GameObject:
  m_ObjectHideFlags: 0
  m_CorrespondingSourceObject: {fileID: 0}
  m_PrefabInstance: {fileID: 0}
  m_PrefabAsset: {fileID: 0}
  serializedVersion: 6
  m_Component:
  - component: {fileID: 2507371528048833280}
  m_Layer: 0
  m_Name: PipeRoot
  m_TagString: Untagged
  m_Icon: {fileID: 0}
  m_NavMeshLayer: 0
  m_StaticEditorFlags: 0
  m_IsActive: 1
--- !u!4 &2507371528048833280
Transform:
  m_ObjectHideFlags: 0
  m_CorrespondingSourceObject: {fileID: 0}
  m_PrefabInstance: {fileID: 0}
  m_PrefabAsset: {fileID: 0}
  m_GameObject: {fileID: 5516163357614061452}
  m_LocalRotation: {x: 0.000000044703484, y: -0, z: 0.35742596, w: 0.9339415}
  m_LocalPosition: {x: 0.193, y: 0.139, z: 0}
  m_LocalScale: {x: 0.102906056, y: 0.102906056, z: 0.102906056}
  m_Children:
  - {fileID: 8255201151234211732}
  - {fileID: 4777756795142311998}
  m_Father: {fileID: 4218410052695860330}
  m_RootOrder: 1
  m_LocalEulerAnglesHint: {x: 0, y: 0, z: 42.008003}
--- !u!1 &5556007704436710800
GameObject:
  m_ObjectHideFlags: 0
  m_CorrespondingSourceObject: {fileID: 0}
  m_PrefabInstance: {fileID: 0}
  m_PrefabAsset: {fileID: 0}
  serializedVersion: 6
  m_Component:
  - component: {fileID: 3714747888566288216}
  m_Layer: 0
  m_Name: 7Pipeline
  m_TagString: Untagged
  m_Icon: {fileID: 0}
  m_NavMeshLayer: 0
  m_StaticEditorFlags: 0
  m_IsActive: 1
--- !u!4 &3714747888566288216
Transform:
  m_ObjectHideFlags: 0
  m_CorrespondingSourceObject: {fileID: 0}
  m_PrefabInstance: {fileID: 0}
  m_PrefabAsset: {fileID: 0}
  m_GameObject: {fileID: 5556007704436710800}
  m_LocalRotation: {x: 0, y: 0, z: 0, w: 1}
  m_LocalPosition: {x: 0, y: 0, z: 0}
  m_LocalScale: {x: 1, y: 1, z: 1}
  m_Children:
  - {fileID: 3477895562070198308}
  - {fileID: 3477895562452484882}
  - {fileID: 6129872448193556494}
  - {fileID: 4218410052695860330}
  m_Father: {fileID: 0}
  m_RootOrder: 0
  m_LocalEulerAnglesHint: {x: 0, y: 0, z: 0}
--- !u!1 &6593378485751481669
GameObject:
  m_ObjectHideFlags: 0
  m_CorrespondingSourceObject: {fileID: 0}
  m_PrefabInstance: {fileID: 0}
  m_PrefabAsset: {fileID: 0}
  serializedVersion: 6
  m_Component:
  - component: {fileID: 4646660963182752043}
  m_Layer: 0
  m_Name: Spawn
  m_TagString: Untagged
  m_Icon: {fileID: 0}
  m_NavMeshLayer: 0
  m_StaticEditorFlags: 0
  m_IsActive: 1
--- !u!4 &4646660963182752043
Transform:
  m_ObjectHideFlags: 0
  m_CorrespondingSourceObject: {fileID: 0}
  m_PrefabInstance: {fileID: 0}
  m_PrefabAsset: {fileID: 0}
  m_GameObject: {fileID: 6593378485751481669}
  m_LocalRotation: {x: -0.5963212, y: 0.38000086, z: -0.38000137, w: 0.5963215}
  m_LocalPosition: {x: 3.52, y: 1.64, z: 0}
  m_LocalScale: {x: 0.14621998, y: 0.16971138, z: 0.14622}
  m_Children: []
  m_Father: {fileID: 5598496119512590954}
  m_RootOrder: 1
  m_LocalEulerAnglesHint: {x: -24.986002, y: 90.00001, z: -90.00001}
--- !u!1 &6646614891863486966
GameObject:
  m_ObjectHideFlags: 0
  m_CorrespondingSourceObject: {fileID: 0}
  m_PrefabInstance: {fileID: 0}
  m_PrefabAsset: {fileID: 0}
  serializedVersion: 6
  m_Component:
  - component: {fileID: 7926465491703159460}
  - component: {fileID: 7313415566902698605}
  - component: {fileID: 3265970323821330240}
  m_Layer: 0
  m_Name: cannon_cannon
  m_TagString: Untagged
  m_Icon: {fileID: 0}
  m_NavMeshLayer: 0
  m_StaticEditorFlags: 0
  m_IsActive: 1
--- !u!4 &7926465491703159460
Transform:
  m_ObjectHideFlags: 0
  m_CorrespondingSourceObject: {fileID: 0}
  m_PrefabInstance: {fileID: 0}
  m_PrefabAsset: {fileID: 0}
  m_GameObject: {fileID: 6646614891863486966}
  m_LocalRotation: {x: 0.6938231, y: 0.13641396, z: -0.69382405, w: 0.13641456}
  m_LocalPosition: {x: 0.028563943, y: 0.026759956, z: -0.0001497604}
  m_LocalScale: {x: 47.38131, y: 47.381317, z: 187.3685}
  m_Children: []
  m_Father: {fileID: 8115286120577304939}
  m_RootOrder: 0
  m_LocalEulerAnglesHint: {x: -202.246, y: 89.99999, z: -0.000015258789}
--- !u!33 &7313415566902698605
MeshFilter:
  m_ObjectHideFlags: 0
  m_CorrespondingSourceObject: {fileID: 0}
  m_PrefabInstance: {fileID: 0}
  m_PrefabAsset: {fileID: 0}
  m_GameObject: {fileID: 6646614891863486966}
  m_Mesh: {fileID: 4300002, guid: 74853d863b5a31a44b1f33ab62c1beaa, type: 3}
--- !u!23 &3265970323821330240
MeshRenderer:
  m_ObjectHideFlags: 0
  m_CorrespondingSourceObject: {fileID: 0}
  m_PrefabInstance: {fileID: 0}
  m_PrefabAsset: {fileID: 0}
  m_GameObject: {fileID: 6646614891863486966}
  m_Enabled: 1
  m_CastShadows: 1
  m_ReceiveShadows: 1
  m_DynamicOccludee: 1
  m_MotionVectors: 1
  m_LightProbeUsage: 1
  m_ReflectionProbeUsage: 1
  m_RenderingLayerMask: 1
  m_RendererPriority: 0
  m_Materials:
  - {fileID: 2100000, guid: 74853d863b5a31a44b1f33ab62c1beaa, type: 3}
  m_StaticBatchInfo:
    firstSubMesh: 0
    subMeshCount: 0
  m_StaticBatchRoot: {fileID: 0}
  m_ProbeAnchor: {fileID: 0}
  m_LightProbeVolumeOverride: {fileID: 0}
  m_ScaleInLightmap: 1
  m_PreserveUVs: 0
  m_IgnoreNormalsForChartDetection: 0
  m_ImportantGI: 0
  m_StitchLightmapSeams: 0
  m_SelectedEditorRenderState: 3
  m_MinimumChartSize: 4
  m_AutoUVMaxDistance: 0.5
  m_AutoUVMaxAngle: 89
  m_LightmapParameters: {fileID: 0}
  m_SortingLayerID: 0
  m_SortingLayer: 0
  m_SortingOrder: 0
--- !u!1 &6675431641615168788
GameObject:
  m_ObjectHideFlags: 0
  m_CorrespondingSourceObject: {fileID: 0}
  m_PrefabInstance: {fileID: 0}
  m_PrefabAsset: {fileID: 0}
  serializedVersion: 6
  m_Component:
  - component: {fileID: 8836143396738964880}
  - component: {fileID: 4055439828454990912}
  - component: {fileID: 8580343154197067084}
  - component: {fileID: 6527871209571513009}
  m_Layer: 0
  m_Name: cannon
  m_TagString: Untagged
  m_Icon: {fileID: 0}
  m_NavMeshLayer: 0
  m_StaticEditorFlags: 0
  m_IsActive: 1
--- !u!4 &8836143396738964880
Transform:
  m_ObjectHideFlags: 0
  m_CorrespondingSourceObject: {fileID: 0}
  m_PrefabInstance: {fileID: 0}
  m_PrefabAsset: {fileID: 0}
  m_GameObject: {fileID: 6675431641615168788}
  m_LocalRotation: {x: 0.39306495, y: 0.5877925, z: 0.58779246, w: -0.3930648}
  m_LocalPosition: {x: 0.02, y: 0.01, z: 0}
  m_LocalScale: {x: 18.107351, y: 18.107347, z: 12.423752}
  m_Children:
  - {fileID: 5589601277483689030}
  - {fileID: 7813805699665959233}
  m_Father: {fileID: 4218410052695860330}
  m_RootOrder: 2
  m_LocalEulerAnglesHint: {x: -90.00001, y: 0, z: 247.54199}
--- !u!33 &4055439828454990912
MeshFilter:
  m_ObjectHideFlags: 0
  m_CorrespondingSourceObject: {fileID: 0}
  m_PrefabInstance: {fileID: 0}
  m_PrefabAsset: {fileID: 0}
  m_GameObject: {fileID: 6675431641615168788}
  m_Mesh: {fileID: 4300000, guid: 74853d863b5a31a44b1f33ab62c1beaa, type: 3}
--- !u!23 &8580343154197067084
MeshRenderer:
  m_ObjectHideFlags: 0
  m_CorrespondingSourceObject: {fileID: 0}
  m_PrefabInstance: {fileID: 0}
  m_PrefabAsset: {fileID: 0}
  m_GameObject: {fileID: 6675431641615168788}
  m_Enabled: 1
  m_CastShadows: 1
  m_ReceiveShadows: 1
  m_DynamicOccludee: 1
  m_MotionVectors: 1
  m_LightProbeUsage: 1
  m_ReflectionProbeUsage: 1
  m_RenderingLayerMask: 1
  m_RendererPriority: 0
  m_Materials:
  - {fileID: 2100000, guid: 74853d863b5a31a44b1f33ab62c1beaa, type: 3}
  m_StaticBatchInfo:
    firstSubMesh: 0
    subMeshCount: 0
  m_StaticBatchRoot: {fileID: 0}
  m_ProbeAnchor: {fileID: 0}
  m_LightProbeVolumeOverride: {fileID: 0}
  m_ScaleInLightmap: 1
  m_PreserveUVs: 0
  m_IgnoreNormalsForChartDetection: 0
  m_ImportantGI: 0
  m_StitchLightmapSeams: 0
  m_SelectedEditorRenderState: 3
  m_MinimumChartSize: 4
  m_AutoUVMaxDistance: 0.5
  m_AutoUVMaxAngle: 89
  m_LightmapParameters: {fileID: 0}
  m_SortingLayerID: 0
  m_SortingLayer: 0
  m_SortingOrder: 0
--- !u!64 &6527871209571513009
MeshCollider:
  m_ObjectHideFlags: 0
  m_CorrespondingSourceObject: {fileID: 0}
  m_PrefabInstance: {fileID: 0}
  m_PrefabAsset: {fileID: 0}
  m_GameObject: {fileID: 6675431641615168788}
  m_Material: {fileID: 0}
  m_IsTrigger: 0
  m_Enabled: 1
  serializedVersion: 3
  m_Convex: 1
  m_CookingOptions: 14
  m_Mesh: {fileID: 4300000, guid: 74853d863b5a31a44b1f33ab62c1beaa, type: 3}
--- !u!1 &6789993725489763158
GameObject:
  m_ObjectHideFlags: 0
  m_CorrespondingSourceObject: {fileID: 0}
  m_PrefabInstance: {fileID: 0}
  m_PrefabAsset: {fileID: 0}
  serializedVersion: 6
  m_Component:
  - component: {fileID: 4777756795142311998}
  m_Layer: 0
  m_Name: Spawn
  m_TagString: Untagged
  m_Icon: {fileID: 0}
  m_NavMeshLayer: 0
  m_StaticEditorFlags: 0
  m_IsActive: 1
--- !u!4 &4777756795142311998
Transform:
  m_ObjectHideFlags: 0
  m_CorrespondingSourceObject: {fileID: 0}
  m_PrefabInstance: {fileID: 0}
  m_PrefabAsset: {fileID: 0}
  m_GameObject: {fileID: 6789993725489763158}
  m_LocalRotation: {x: -0.5963212, y: 0.38000086, z: -0.38000137, w: 0.5963215}
  m_LocalPosition: {x: 3.5, y: 1.63, z: 0}
  m_LocalScale: {x: 0.14621998, y: 0.16971138, z: 0.14622}
  m_Children: []
  m_Father: {fileID: 2507371528048833280}
  m_RootOrder: 1
  m_LocalEulerAnglesHint: {x: -24.986002, y: 90.00001, z: -90.00001}
--- !u!1 &6880627639325575119
GameObject:
  m_ObjectHideFlags: 0
  m_CorrespondingSourceObject: {fileID: 0}
  m_PrefabInstance: {fileID: 0}
  m_PrefabAsset: {fileID: 0}
  serializedVersion: 6
  m_Component:
  - component: {fileID: 5598496119512590954}
  m_Layer: 0
  m_Name: PipeRoot (2)
  m_TagString: Untagged
  m_Icon: {fileID: 0}
  m_NavMeshLayer: 0
  m_StaticEditorFlags: 0
  m_IsActive: 1
--- !u!4 &5598496119512590954
Transform:
  m_ObjectHideFlags: 0
  m_CorrespondingSourceObject: {fileID: 0}
  m_PrefabInstance: {fileID: 0}
  m_PrefabAsset: {fileID: 0}
  m_GameObject: {fileID: 6880627639325575119}
  m_LocalRotation: {x: -0.25925687, y: -0.6774292, z: 0.24604718, w: 0.64291245}
  m_LocalPosition: {x: -0.0060840524, y: 0.139, z: 0.15973645}
  m_LocalScale: {x: 0.102906056, y: 0.102906056, z: 0.102906056}
  m_Children:
  - {fileID: 7440969922710545408}
  - {fileID: 4646660963182752043}
  m_Father: {fileID: 4218410052695860330}
  m_RootOrder: 5
  m_LocalEulerAnglesHint: {x: 0, y: 0, z: 42.008003}
--- !u!1 &7432837005059184223
GameObject:
  m_ObjectHideFlags: 0
  m_CorrespondingSourceObject: {fileID: 0}
  m_PrefabInstance: {fileID: 0}
  m_PrefabAsset: {fileID: 0}
  serializedVersion: 6
  m_Component:
  - component: {fileID: 8255201151234211732}
  - component: {fileID: 6534330392593261435}
  - component: {fileID: 6269837286149252065}
  m_Layer: 0
  m_Name: cannon_cannon
  m_TagString: Untagged
  m_Icon: {fileID: 0}
  m_NavMeshLayer: 0
  m_StaticEditorFlags: 0
  m_IsActive: 1
--- !u!4 &8255201151234211732
Transform:
  m_ObjectHideFlags: 0
  m_CorrespondingSourceObject: {fileID: 0}
  m_PrefabInstance: {fileID: 0}
  m_PrefabAsset: {fileID: 0}
  m_GameObject: {fileID: 7432837005059184223}
  m_LocalRotation: {x: 0.6938231, y: 0.13641396, z: -0.69382405, w: 0.13641456}
  m_LocalPosition: {x: 0.028563943, y: 0.026759956, z: -0.0001497604}
  m_LocalScale: {x: 47.38131, y: 47.381317, z: 187.3685}
  m_Children: []
  m_Father: {fileID: 2507371528048833280}
  m_RootOrder: 0
  m_LocalEulerAnglesHint: {x: -202.246, y: 89.99999, z: -0.000015258789}
--- !u!33 &6534330392593261435
MeshFilter:
  m_ObjectHideFlags: 0
  m_CorrespondingSourceObject: {fileID: 0}
  m_PrefabInstance: {fileID: 0}
  m_PrefabAsset: {fileID: 0}
  m_GameObject: {fileID: 7432837005059184223}
  m_Mesh: {fileID: 4300002, guid: 74853d863b5a31a44b1f33ab62c1beaa, type: 3}
--- !u!23 &6269837286149252065
MeshRenderer:
  m_ObjectHideFlags: 0
  m_CorrespondingSourceObject: {fileID: 0}
  m_PrefabInstance: {fileID: 0}
  m_PrefabAsset: {fileID: 0}
  m_GameObject: {fileID: 7432837005059184223}
  m_Enabled: 1
  m_CastShadows: 1
  m_ReceiveShadows: 1
  m_DynamicOccludee: 1
  m_MotionVectors: 1
  m_LightProbeUsage: 1
  m_ReflectionProbeUsage: 1
  m_RenderingLayerMask: 1
  m_RendererPriority: 0
  m_Materials:
  - {fileID: 2100000, guid: 74853d863b5a31a44b1f33ab62c1beaa, type: 3}
  m_StaticBatchInfo:
    firstSubMesh: 0
    subMeshCount: 0
  m_StaticBatchRoot: {fileID: 0}
  m_ProbeAnchor: {fileID: 0}
  m_LightProbeVolumeOverride: {fileID: 0}
  m_ScaleInLightmap: 1
  m_PreserveUVs: 0
  m_IgnoreNormalsForChartDetection: 0
  m_ImportantGI: 0
  m_StitchLightmapSeams: 0
  m_SelectedEditorRenderState: 3
  m_MinimumChartSize: 4
  m_AutoUVMaxDistance: 0.5
  m_AutoUVMaxAngle: 89
  m_LightmapParameters: {fileID: 0}
  m_SortingLayerID: 0
  m_SortingLayer: 0
  m_SortingOrder: 0
--- !u!1 &7893378102764266560
GameObject:
  m_ObjectHideFlags: 0
  m_CorrespondingSourceObject: {fileID: 0}
  m_PrefabInstance: {fileID: 0}
  m_PrefabAsset: {fileID: 0}
  serializedVersion: 6
  m_Component:
  - component: {fileID: 5720785371823223291}
  - component: {fileID: 7618564972685218665}
  - component: {fileID: 2509752795351997078}
  - component: {fileID: 9069017885723828990}
  m_Layer: 0
  m_Name: silly tube (4)
  m_TagString: NoDeath
  m_Icon: {fileID: 0}
  m_NavMeshLayer: 0
  m_StaticEditorFlags: 0
  m_IsActive: 1
--- !u!4 &5720785371823223291
Transform:
  m_ObjectHideFlags: 0
  m_CorrespondingSourceObject: {fileID: 0}
  m_PrefabInstance: {fileID: 0}
  m_PrefabAsset: {fileID: 0}
  m_GameObject: {fileID: 7893378102764266560}
  m_LocalRotation: {x: -0, y: 0.96429724, z: -0, w: 0.26482257}
  m_LocalPosition: {x: 0.45500004, y: 1.9754999, z: -0.6329999}
  m_LocalScale: {x: 151.2602, y: 151.26001, z: 151.2602}
  m_Children: []
  m_Father: {fileID: 6129872448193556494}
  m_RootOrder: 1
  m_LocalEulerAnglesHint: {x: 0, y: 149.287, z: 0}
--- !u!33 &7618564972685218665
MeshFilter:
  m_ObjectHideFlags: 0
  m_CorrespondingSourceObject: {fileID: 0}
  m_PrefabInstance: {fileID: 0}
  m_PrefabAsset: {fileID: 0}
  m_GameObject: {fileID: 7893378102764266560}
  m_Mesh: {fileID: 4300002, guid: 0a614feab86f5f54f8714ea049e8b500, type: 3}
--- !u!23 &2509752795351997078
MeshRenderer:
  m_ObjectHideFlags: 0
  m_CorrespondingSourceObject: {fileID: 0}
  m_PrefabInstance: {fileID: 0}
  m_PrefabAsset: {fileID: 0}
  m_GameObject: {fileID: 7893378102764266560}
  m_Enabled: 1
  m_CastShadows: 1
  m_ReceiveShadows: 1
  m_DynamicOccludee: 1
  m_MotionVectors: 1
  m_LightProbeUsage: 1
  m_ReflectionProbeUsage: 1
  m_RenderingLayerMask: 1
  m_RendererPriority: 0
  m_Materials:
  - {fileID: 2100000, guid: c30c3db7cdc05c446bfdb0cb2293efae, type: 2}
  m_StaticBatchInfo:
    firstSubMesh: 0
    subMeshCount: 0
  m_StaticBatchRoot: {fileID: 0}
  m_ProbeAnchor: {fileID: 0}
  m_LightProbeVolumeOverride: {fileID: 0}
  m_ScaleInLightmap: 1
  m_PreserveUVs: 0
  m_IgnoreNormalsForChartDetection: 0
  m_ImportantGI: 0
  m_StitchLightmapSeams: 0
  m_SelectedEditorRenderState: 3
  m_MinimumChartSize: 4
  m_AutoUVMaxDistance: 0.5
  m_AutoUVMaxAngle: 89
  m_LightmapParameters: {fileID: 0}
  m_SortingLayerID: 0
  m_SortingLayer: 0
  m_SortingOrder: 0
--- !u!64 &9069017885723828990
MeshCollider:
  m_ObjectHideFlags: 0
  m_CorrespondingSourceObject: {fileID: 0}
  m_PrefabInstance: {fileID: 0}
  m_PrefabAsset: {fileID: 0}
  m_GameObject: {fileID: 7893378102764266560}
  m_Material: {fileID: 13400000, guid: 327517f671f91c04bb14db49d11f6c68, type: 2}
  m_IsTrigger: 0
  m_Enabled: 1
  serializedVersion: 3
  m_Convex: 0
  m_CookingOptions: 14
  m_Mesh: {fileID: 4300002, guid: 0a614feab86f5f54f8714ea049e8b500, type: 3}
--- !u!1 &8263934697352823926
GameObject:
  m_ObjectHideFlags: 0
  m_CorrespondingSourceObject: {fileID: 0}
  m_PrefabInstance: {fileID: 0}
  m_PrefabAsset: {fileID: 0}
  serializedVersion: 6
  m_Component:
  - component: {fileID: 5521426521282871691}
  m_Layer: 0
  m_Name: Spawn
  m_TagString: Untagged
  m_Icon: {fileID: 0}
  m_NavMeshLayer: 0
  m_StaticEditorFlags: 0
  m_IsActive: 1
--- !u!4 &5521426521282871691
Transform:
  m_ObjectHideFlags: 0
  m_CorrespondingSourceObject: {fileID: 0}
  m_PrefabInstance: {fileID: 0}
  m_PrefabAsset: {fileID: 0}
  m_GameObject: {fileID: 8263934697352823926}
  m_LocalRotation: {x: -0.5963212, y: 0.38000086, z: -0.38000137, w: 0.5963215}
  m_LocalPosition: {x: 3.36, y: 1.56, z: 0}
  m_LocalScale: {x: 0.14621998, y: 0.16971138, z: 0.14622}
  m_Children: []
  m_Father: {fileID: 6240604970343956366}
  m_RootOrder: 1
  m_LocalEulerAnglesHint: {x: -24.986002, y: 90.00001, z: -90.00001}
--- !u!1 &8453730433606493837
GameObject:
  m_ObjectHideFlags: 0
  m_CorrespondingSourceObject: {fileID: 0}
  m_PrefabInstance: {fileID: 0}
  m_PrefabAsset: {fileID: 0}
  serializedVersion: 6
  m_Component:
  - component: {fileID: 5725859072206687907}
  m_Layer: 0
  m_Name: BallSpawn
  m_TagString: Untagged
  m_Icon: {fileID: 0}
  m_NavMeshLayer: 0
  m_StaticEditorFlags: 0
  m_IsActive: 1
--- !u!4 &5725859072206687907
Transform:
  m_ObjectHideFlags: 0
  m_CorrespondingSourceObject: {fileID: 0}
  m_PrefabInstance: {fileID: 0}
  m_PrefabAsset: {fileID: 0}
  m_GameObject: {fileID: 8453730433606493837}
  m_LocalRotation: {x: 0, y: 0, z: 0, w: 1}
  m_LocalPosition: {x: 0, y: 1.157, z: 0}
  m_LocalScale: {x: 0.102906056, y: 0.102906056, z: 0.102906056}
  m_Children: []
  m_Father: {fileID: 4218410052695860330}
  m_RootOrder: 3
  m_LocalEulerAnglesHint: {x: 0, y: 0, z: 0}
--- !u!1001 &3477895561435781819
PrefabInstance:
  m_ObjectHideFlags: 0
  serializedVersion: 2
  m_Modification:
    m_TransformParent: {fileID: 3714747888566288216}
    m_Modifications:
    - target: {fileID: 2091571622, guid: 0e9e9959ef4b53440946a908c65b9a0b, type: 3}
      propertyPath: m_Name
      value: silly tube (2)
      objectReference: {fileID: 0}
    - target: {fileID: 2091571625, guid: 0e9e9959ef4b53440946a908c65b9a0b, type: 3}
      propertyPath: m_LocalPosition.x
      value: -0.885
      objectReference: {fileID: 0}
    - target: {fileID: 2091571625, guid: 0e9e9959ef4b53440946a908c65b9a0b, type: 3}
      propertyPath: m_LocalPosition.y
      value: -0.292
      objectReference: {fileID: 0}
    - target: {fileID: 2091571625, guid: 0e9e9959ef4b53440946a908c65b9a0b, type: 3}
      propertyPath: m_LocalPosition.z
      value: 3.514
      objectReference: {fileID: 0}
    - target: {fileID: 2091571625, guid: 0e9e9959ef4b53440946a908c65b9a0b, type: 3}
      propertyPath: m_LocalRotation.x
      value: -0
      objectReference: {fileID: 0}
    - target: {fileID: 2091571625, guid: 0e9e9959ef4b53440946a908c65b9a0b, type: 3}
      propertyPath: m_LocalRotation.y
      value: 0.96429724
      objectReference: {fileID: 0}
    - target: {fileID: 2091571625, guid: 0e9e9959ef4b53440946a908c65b9a0b, type: 3}
      propertyPath: m_LocalRotation.z
      value: -0
      objectReference: {fileID: 0}
    - target: {fileID: 2091571625, guid: 0e9e9959ef4b53440946a908c65b9a0b, type: 3}
      propertyPath: m_LocalRotation.w
      value: 0.26482257
      objectReference: {fileID: 0}
    - target: {fileID: 2091571625, guid: 0e9e9959ef4b53440946a908c65b9a0b, type: 3}
      propertyPath: m_RootOrder
      value: 1
      objectReference: {fileID: 0}
    - target: {fileID: 2091571625, guid: 0e9e9959ef4b53440946a908c65b9a0b, type: 3}
      propertyPath: m_LocalEulerAnglesHint.x
      value: 0
      objectReference: {fileID: 0}
    - target: {fileID: 2091571625, guid: 0e9e9959ef4b53440946a908c65b9a0b, type: 3}
      propertyPath: m_LocalEulerAnglesHint.y
      value: 149.287
      objectReference: {fileID: 0}
    - target: {fileID: 2091571625, guid: 0e9e9959ef4b53440946a908c65b9a0b, type: 3}
      propertyPath: m_LocalEulerAnglesHint.z
      value: 0
      objectReference: {fileID: 0}
    - target: {fileID: 2091571625, guid: 0e9e9959ef4b53440946a908c65b9a0b, type: 3}
      propertyPath: m_LocalScale.x
      value: 151.2602
      objectReference: {fileID: 0}
    - target: {fileID: 2091571625, guid: 0e9e9959ef4b53440946a908c65b9a0b, type: 3}
      propertyPath: m_LocalScale.y
      value: 151.26001
      objectReference: {fileID: 0}
    - target: {fileID: 2091571625, guid: 0e9e9959ef4b53440946a908c65b9a0b, type: 3}
      propertyPath: m_LocalScale.z
      value: 151.2602
      objectReference: {fileID: 0}
    m_RemovedComponents: []
  m_SourcePrefab: {fileID: 100100000, guid: 0e9e9959ef4b53440946a908c65b9a0b, type: 3}
--- !u!4 &3477895562452484882 stripped
Transform:
  m_CorrespondingSourceObject: {fileID: 2091571625, guid: 0e9e9959ef4b53440946a908c65b9a0b,
    type: 3}
  m_PrefabInstance: {fileID: 3477895561435781819}
  m_PrefabAsset: {fileID: 0}
--- !u!1001 &3477895561878753677
PrefabInstance:
  m_ObjectHideFlags: 0
  serializedVersion: 2
  m_Modification:
    m_TransformParent: {fileID: 3714747888566288216}
    m_Modifications:
    - target: {fileID: 2091571622, guid: 0e9e9959ef4b53440946a908c65b9a0b, type: 3}
      propertyPath: m_Name
      value: silly tube (1)
      objectReference: {fileID: 0}
    - target: {fileID: 2091571625, guid: 0e9e9959ef4b53440946a908c65b9a0b, type: 3}
      propertyPath: m_LocalPosition.x
      value: -0.665
      objectReference: {fileID: 0}
    - target: {fileID: 2091571625, guid: 0e9e9959ef4b53440946a908c65b9a0b, type: 3}
      propertyPath: m_LocalPosition.y
      value: 2.234
      objectReference: {fileID: 0}
    - target: {fileID: 2091571625, guid: 0e9e9959ef4b53440946a908c65b9a0b, type: 3}
      propertyPath: m_LocalPosition.z
      value: 3.152
      objectReference: {fileID: 0}
    - target: {fileID: 2091571625, guid: 0e9e9959ef4b53440946a908c65b9a0b, type: 3}
      propertyPath: m_LocalRotation.x
      value: -0
      objectReference: {fileID: 0}
    - target: {fileID: 2091571625, guid: 0e9e9959ef4b53440946a908c65b9a0b, type: 3}
      propertyPath: m_LocalRotation.y
      value: 0.96429724
      objectReference: {fileID: 0}
    - target: {fileID: 2091571625, guid: 0e9e9959ef4b53440946a908c65b9a0b, type: 3}
      propertyPath: m_LocalRotation.z
      value: -0
      objectReference: {fileID: 0}
    - target: {fileID: 2091571625, guid: 0e9e9959ef4b53440946a908c65b9a0b, type: 3}
      propertyPath: m_LocalRotation.w
      value: 0.26482257
      objectReference: {fileID: 0}
    - target: {fileID: 2091571625, guid: 0e9e9959ef4b53440946a908c65b9a0b, type: 3}
      propertyPath: m_RootOrder
      value: 0
      objectReference: {fileID: 0}
    - target: {fileID: 2091571625, guid: 0e9e9959ef4b53440946a908c65b9a0b, type: 3}
      propertyPath: m_LocalEulerAnglesHint.x
      value: 0
      objectReference: {fileID: 0}
    - target: {fileID: 2091571625, guid: 0e9e9959ef4b53440946a908c65b9a0b, type: 3}
      propertyPath: m_LocalEulerAnglesHint.y
      value: 149.287
      objectReference: {fileID: 0}
    - target: {fileID: 2091571625, guid: 0e9e9959ef4b53440946a908c65b9a0b, type: 3}
      propertyPath: m_LocalEulerAnglesHint.z
      value: 0
      objectReference: {fileID: 0}
    - target: {fileID: 2091571625, guid: 0e9e9959ef4b53440946a908c65b9a0b, type: 3}
      propertyPath: m_LocalScale.x
      value: 151.2602
      objectReference: {fileID: 0}
    - target: {fileID: 2091571625, guid: 0e9e9959ef4b53440946a908c65b9a0b, type: 3}
      propertyPath: m_LocalScale.y
      value: 151.26001
      objectReference: {fileID: 0}
    - target: {fileID: 2091571625, guid: 0e9e9959ef4b53440946a908c65b9a0b, type: 3}
      propertyPath: m_LocalScale.z
      value: 151.2602
      objectReference: {fileID: 0}
    m_RemovedComponents: []
  m_SourcePrefab: {fileID: 100100000, guid: 0e9e9959ef4b53440946a908c65b9a0b, type: 3}
--- !u!4 &3477895562070198308 stripped
Transform:
  m_CorrespondingSourceObject: {fileID: 2091571625, guid: 0e9e9959ef4b53440946a908c65b9a0b,
    type: 3}
  m_PrefabInstance: {fileID: 3477895561878753677}
  m_PrefabAsset: {fileID: 0}
