%YAML 1.1
%TAG !u! tag:unity3d.com,2011:
--- !u!1 &190889686862329545
GameObject:
  m_ObjectHideFlags: 0
  m_CorrespondingSourceObject: {fileID: 0}
  m_PrefabInstance: {fileID: 0}
  m_PrefabAsset: {fileID: 0}
  serializedVersion: 6
  m_Component:
  - component: {fileID: 6478074642571259701}
  m_Layer: 0
  m_Name: PipeRoot (3)
  m_TagString: Untagged
  m_Icon: {fileID: 0}
  m_NavMeshLayer: 0
  m_StaticEditorFlags: 0
  m_IsActive: 1
--- !u!4 &6478074642571259701
Transform:
  m_ObjectHideFlags: 0
  m_CorrespondingSourceObject: {fileID: 0}
  m_PrefabInstance: {fileID: 0}
  m_PrefabAsset: {fileID: 0}
  m_GameObject: {fileID: 190889686862329545}
  m_LocalRotation: {x: -0.2460478, y: -0.6429141, z: -0.2592563, w: -0.6774276}
  m_LocalPosition: {x: 0.044432446, y: 0.139, z: -0.15505433}
  m_LocalScale: {x: 0.102906056, y: 0.102906056, z: 0.102906056}
  m_Children:
  - {fileID: 7706161540841936443}
  - {fileID: 7429793337736587891}
  m_Father: {fileID: 8970908423730147992}
  m_RootOrder: 6
  m_LocalEulerAnglesHint: {x: 0, y: -180.00002, z: 41.884003}
--- !u!1 &630716970783008518
GameObject:
  m_ObjectHideFlags: 0
  m_CorrespondingSourceObject: {fileID: 0}
  m_PrefabInstance: {fileID: 0}
  m_PrefabAsset: {fileID: 0}
  serializedVersion: 6
  m_Component:
  - component: {fileID: 317837701960106600}
  m_Layer: 0
  m_Name: PipeRoot (1)
  m_TagString: Untagged
  m_Icon: {fileID: 0}
  m_NavMeshLayer: 0
  m_StaticEditorFlags: 0
  m_IsActive: 1
--- !u!4 &317837701960106600
Transform:
  m_ObjectHideFlags: 0
  m_CorrespondingSourceObject: {fileID: 0}
  m_PrefabInstance: {fileID: 0}
  m_PrefabAsset: {fileID: 0}
  m_GameObject: {fileID: 630716970783008518}
  m_LocalRotation: {x: -0.357426, y: -0.9339415, z: 0.00000093877316, w: 0.0000023841858}
  m_LocalPosition: {x: -0.124, y: 0.139, z: -0.034}
  m_LocalScale: {x: 0.102906056, y: 0.102906056, z: 0.102906056}
  m_Children:
  - {fileID: 1737216746907375684}
  - {fileID: 4356479597300878098}
  m_Father: {fileID: 8970908423730147992}
  m_RootOrder: 4
  m_LocalEulerAnglesHint: {x: 0, y: -180.00002, z: 41.884003}
--- !u!1 &1757230779051314504
GameObject:
  m_ObjectHideFlags: 0
  m_CorrespondingSourceObject: {fileID: 0}
  m_PrefabInstance: {fileID: 0}
  m_PrefabAsset: {fileID: 0}
  serializedVersion: 6
  m_Component:
  - component: {fileID: 958728015321387925}
  - component: {fileID: 7647100583135470512}
  - component: {fileID: 2772933850922377476}
  - component: {fileID: 4954973390709097536}
  - component: {fileID: 2718267254131234392}
  m_Layer: 0
  m_Name: Trigger
  m_TagString: Untagged
  m_Icon: {fileID: 0}
  m_NavMeshLayer: 0
  m_StaticEditorFlags: 0
  m_IsActive: 1
--- !u!4 &958728015321387925
Transform:
  m_ObjectHideFlags: 0
  m_CorrespondingSourceObject: {fileID: 0}
  m_PrefabInstance: {fileID: 0}
  m_PrefabAsset: {fileID: 0}
  m_GameObject: {fileID: 1757230779051314504}
  m_LocalRotation: {x: 0, y: 0, z: 0, w: 1}
  m_LocalPosition: {x: 0.0157, y: 0.319, z: 0.0038}
  m_LocalScale: {x: 0.26641566, y: 0.28727293, z: 0.2845282}
  m_Children: []
  m_Father: {fileID: 8970908423730147992}
  m_RootOrder: 0
  m_LocalEulerAnglesHint: {x: 0, y: 0, z: 0}
--- !u!33 &7647100583135470512
MeshFilter:
  m_ObjectHideFlags: 0
  m_CorrespondingSourceObject: {fileID: 0}
  m_PrefabInstance: {fileID: 0}
  m_PrefabAsset: {fileID: 0}
  m_GameObject: {fileID: 1757230779051314504}
  m_Mesh: {fileID: 10202, guid: 0000000000000000e000000000000000, type: 0}
--- !u!23 &2772933850922377476
MeshRenderer:
  m_ObjectHideFlags: 0
  m_CorrespondingSourceObject: {fileID: 0}
  m_PrefabInstance: {fileID: 0}
  m_PrefabAsset: {fileID: 0}
  m_GameObject: {fileID: 1757230779051314504}
  m_Enabled: 0
  m_CastShadows: 1
  m_ReceiveShadows: 1
  m_DynamicOccludee: 1
  m_MotionVectors: 1
  m_LightProbeUsage: 1
  m_ReflectionProbeUsage: 1
  m_RenderingLayerMask: 1
  m_RendererPriority: 0
  m_Materials:
  - {fileID: 10303, guid: 0000000000000000f000000000000000, type: 0}
  m_StaticBatchInfo:
    firstSubMesh: 0
    subMeshCount: 0
  m_StaticBatchRoot: {fileID: 0}
  m_ProbeAnchor: {fileID: 0}
  m_LightProbeVolumeOverride: {fileID: 0}
  m_ScaleInLightmap: 1
  m_PreserveUVs: 0
  m_IgnoreNormalsForChartDetection: 0
  m_ImportantGI: 0
  m_StitchLightmapSeams: 0
  m_SelectedEditorRenderState: 3
  m_MinimumChartSize: 4
  m_AutoUVMaxDistance: 0.5
  m_AutoUVMaxAngle: 89
  m_LightmapParameters: {fileID: 0}
  m_SortingLayerID: 0
  m_SortingLayer: 0
  m_SortingOrder: 0
--- !u!65 &4954973390709097536
BoxCollider:
  m_ObjectHideFlags: 0
  m_CorrespondingSourceObject: {fileID: 0}
  m_PrefabInstance: {fileID: 0}
  m_PrefabAsset: {fileID: 0}
  m_GameObject: {fileID: 1757230779051314504}
  m_Material: {fileID: 0}
  m_IsTrigger: 1
  m_Enabled: 1
  serializedVersion: 2
  m_Size: {x: 1, y: 1, z: 1}
  m_Center: {x: 0, y: 0, z: 0}
--- !u!114 &2718267254131234392
MonoBehaviour:
  m_ObjectHideFlags: 0
  m_CorrespondingSourceObject: {fileID: 0}
  m_PrefabInstance: {fileID: 0}
  m_PrefabAsset: {fileID: 0}
  m_GameObject: {fileID: 1757230779051314504}
  m_Enabled: 1
  m_EditorHideFlags: 0
  m_Script: {fileID: 11500000, guid: d239550836fa7a1448e06e6fa4c37cb7, type: 3}
  m_Name: 
  m_EditorClassIdentifier: 
  ballConsumer: {fileID: 6913301717963866160}
--- !u!1 &1806040403121534328
GameObject:
  m_ObjectHideFlags: 0
  m_CorrespondingSourceObject: {fileID: 0}
  m_PrefabInstance: {fileID: 0}
  m_PrefabAsset: {fileID: 0}
  serializedVersion: 6
  m_Component:
  - component: {fileID: 7706161540841936443}
  - component: {fileID: 4351572161509352722}
  - component: {fileID: 2405948952921007882}
  m_Layer: 0
  m_Name: cannon_cannon
  m_TagString: Untagged
  m_Icon: {fileID: 0}
  m_NavMeshLayer: 0
  m_StaticEditorFlags: 0
  m_IsActive: 1
--- !u!4 &7706161540841936443
Transform:
  m_ObjectHideFlags: 0
  m_CorrespondingSourceObject: {fileID: 0}
  m_PrefabInstance: {fileID: 0}
  m_PrefabAsset: {fileID: 0}
  m_GameObject: {fileID: 1806040403121534328}
  m_LocalRotation: {x: 0.6938231, y: 0.13641396, z: -0.69382405, w: 0.13641456}
  m_LocalPosition: {x: 0.028563943, y: 0.026759956, z: -0.0001497604}
  m_LocalScale: {x: 47.38131, y: 47.381317, z: 187.3685}
  m_Children: []
  m_Father: {fileID: 6478074642571259701}
  m_RootOrder: 0
  m_LocalEulerAnglesHint: {x: -202.246, y: 89.99999, z: -0.000015258789}
--- !u!33 &4351572161509352722
MeshFilter:
  m_ObjectHideFlags: 0
  m_CorrespondingSourceObject: {fileID: 0}
  m_PrefabInstance: {fileID: 0}
  m_PrefabAsset: {fileID: 0}
  m_GameObject: {fileID: 1806040403121534328}
  m_Mesh: {fileID: 4300002, guid: 74853d863b5a31a44b1f33ab62c1beaa, type: 3}
--- !u!23 &2405948952921007882
MeshRenderer:
  m_ObjectHideFlags: 0
  m_CorrespondingSourceObject: {fileID: 0}
  m_PrefabInstance: {fileID: 0}
  m_PrefabAsset: {fileID: 0}
  m_GameObject: {fileID: 1806040403121534328}
  m_Enabled: 1
  m_CastShadows: 1
  m_ReceiveShadows: 1
  m_DynamicOccludee: 1
  m_MotionVectors: 1
  m_LightProbeUsage: 1
  m_ReflectionProbeUsage: 1
  m_RenderingLayerMask: 1
  m_RendererPriority: 0
  m_Materials:
  - {fileID: 2100000, guid: 74853d863b5a31a44b1f33ab62c1beaa, type: 3}
  m_StaticBatchInfo:
    firstSubMesh: 0
    subMeshCount: 0
  m_StaticBatchRoot: {fileID: 0}
  m_ProbeAnchor: {fileID: 0}
  m_LightProbeVolumeOverride: {fileID: 0}
  m_ScaleInLightmap: 1
  m_PreserveUVs: 0
  m_IgnoreNormalsForChartDetection: 0
  m_ImportantGI: 0
  m_StitchLightmapSeams: 0
  m_SelectedEditorRenderState: 3
  m_MinimumChartSize: 4
  m_AutoUVMaxDistance: 0.5
  m_AutoUVMaxAngle: 89
  m_LightmapParameters: {fileID: 0}
  m_SortingLayerID: 0
  m_SortingLayer: 0
  m_SortingOrder: 0
--- !u!1 &2620175226891569917
GameObject:
  m_ObjectHideFlags: 0
  m_CorrespondingSourceObject: {fileID: 0}
  m_PrefabInstance: {fileID: 0}
  m_PrefabAsset: {fileID: 0}
  serializedVersion: 6
  m_Component:
  - component: {fileID: 473147173963519025}
  - component: {fileID: 5752655575737467809}
  - component: {fileID: 7653731386164078479}
  - component: {fileID: 2119306673735323575}
  m_Layer: 0
  m_Name: cannon_ballcatcher
  m_TagString: Untagged
  m_Icon: {fileID: 0}
  m_NavMeshLayer: 0
  m_StaticEditorFlags: 0
  m_IsActive: 1
--- !u!4 &473147173963519025
Transform:
  m_ObjectHideFlags: 0
  m_CorrespondingSourceObject: {fileID: 0}
  m_PrefabInstance: {fileID: 0}
  m_PrefabAsset: {fileID: 0}
  m_GameObject: {fileID: 2620175226891569917}
  m_LocalRotation: {x: 0.13769329, y: -0.69357085, z: 0.693571, w: -0.13769342}
  m_LocalPosition: {x: -0, y: -0.000000785666, z: 0.0317}
  m_LocalScale: {x: 0.18227999, y: 0.26566917, z: 0.72082317}
  m_Children: []
  m_Father: {fileID: 5615615020387295747}
  m_RootOrder: 0
  m_LocalEulerAnglesHint: {x: 0, y: 0, z: 0}
--- !u!33 &5752655575737467809
MeshFilter:
  m_ObjectHideFlags: 0
  m_CorrespondingSourceObject: {fileID: 0}
  m_PrefabInstance: {fileID: 0}
  m_PrefabAsset: {fileID: 0}
  m_GameObject: {fileID: 2620175226891569917}
  m_Mesh: {fileID: 4300004, guid: 74853d863b5a31a44b1f33ab62c1beaa, type: 3}
--- !u!23 &7653731386164078479
MeshRenderer:
  m_ObjectHideFlags: 0
  m_CorrespondingSourceObject: {fileID: 0}
  m_PrefabInstance: {fileID: 0}
  m_PrefabAsset: {fileID: 0}
  m_GameObject: {fileID: 2620175226891569917}
  m_Enabled: 1
  m_CastShadows: 1
  m_ReceiveShadows: 1
  m_DynamicOccludee: 1
  m_MotionVectors: 1
  m_LightProbeUsage: 1
  m_ReflectionProbeUsage: 1
  m_RenderingLayerMask: 1
  m_RendererPriority: 0
  m_Materials:
  - {fileID: 2100000, guid: 74853d863b5a31a44b1f33ab62c1beaa, type: 3}
  m_StaticBatchInfo:
    firstSubMesh: 0
    subMeshCount: 0
  m_StaticBatchRoot: {fileID: 0}
  m_ProbeAnchor: {fileID: 0}
  m_LightProbeVolumeOverride: {fileID: 0}
  m_ScaleInLightmap: 1
  m_PreserveUVs: 0
  m_IgnoreNormalsForChartDetection: 0
  m_ImportantGI: 0
  m_StitchLightmapSeams: 0
  m_SelectedEditorRenderState: 3
  m_MinimumChartSize: 4
  m_AutoUVMaxDistance: 0.5
  m_AutoUVMaxAngle: 89
  m_LightmapParameters: {fileID: 0}
  m_SortingLayerID: 0
  m_SortingLayer: 0
  m_SortingOrder: 0
--- !u!64 &2119306673735323575
MeshCollider:
  m_ObjectHideFlags: 0
  m_CorrespondingSourceObject: {fileID: 0}
  m_PrefabInstance: {fileID: 0}
  m_PrefabAsset: {fileID: 0}
  m_GameObject: {fileID: 2620175226891569917}
  m_Material: {fileID: 0}
  m_IsTrigger: 0
  m_Enabled: 0
  serializedVersion: 3
  m_Convex: 0
  m_CookingOptions: 14
  m_Mesh: {fileID: 4300004, guid: 74853d863b5a31a44b1f33ab62c1beaa, type: 3}
--- !u!1 &2655825756491601279
GameObject:
  m_ObjectHideFlags: 0
  m_CorrespondingSourceObject: {fileID: 0}
  m_PrefabInstance: {fileID: 0}
  m_PrefabAsset: {fileID: 0}
  serializedVersion: 6
  m_Component:
  - component: {fileID: 498823848287153336}
  - component: {fileID: 6168025327621551546}
  - component: {fileID: 9014009996551127714}
  m_Layer: 0
  m_Name: cannon_rotation_lever
  m_TagString: Untagged
  m_Icon: {fileID: 0}
  m_NavMeshLayer: 0
  m_StaticEditorFlags: 0
  m_IsActive: 1
--- !u!4 &498823848287153336
Transform:
  m_ObjectHideFlags: 0
  m_CorrespondingSourceObject: {fileID: 0}
  m_PrefabInstance: {fileID: 0}
  m_PrefabAsset: {fileID: 0}
  m_GameObject: {fileID: 2655825756491601279}
  m_LocalRotation: {x: 0.39306456, y: 0.5877927, z: 0.58779263, w: 0.39306456}
  m_LocalPosition: {x: 0.0009, y: 0.0003535623, z: 0.0121}
  m_LocalScale: {x: 0.07875805, y: 0.11478816, z: 0.07875805}
  m_Children: []
  m_Father: {fileID: 5615615020387295747}
  m_RootOrder: 1
  m_LocalEulerAnglesHint: {x: 0, y: 0, z: 0}
--- !u!33 &6168025327621551546
MeshFilter:
  m_ObjectHideFlags: 0
  m_CorrespondingSourceObject: {fileID: 0}
  m_PrefabInstance: {fileID: 0}
  m_PrefabAsset: {fileID: 0}
  m_GameObject: {fileID: 2655825756491601279}
  m_Mesh: {fileID: 4300006, guid: 74853d863b5a31a44b1f33ab62c1beaa, type: 3}
--- !u!23 &9014009996551127714
MeshRenderer:
  m_ObjectHideFlags: 0
  m_CorrespondingSourceObject: {fileID: 0}
  m_PrefabInstance: {fileID: 0}
  m_PrefabAsset: {fileID: 0}
  m_GameObject: {fileID: 2655825756491601279}
  m_Enabled: 1
  m_CastShadows: 1
  m_ReceiveShadows: 1
  m_DynamicOccludee: 1
  m_MotionVectors: 1
  m_LightProbeUsage: 1
  m_ReflectionProbeUsage: 1
  m_RenderingLayerMask: 1
  m_RendererPriority: 0
  m_Materials:
  - {fileID: 2100000, guid: 74853d863b5a31a44b1f33ab62c1beaa, type: 3}
  m_StaticBatchInfo:
    firstSubMesh: 0
    subMeshCount: 0
  m_StaticBatchRoot: {fileID: 0}
  m_ProbeAnchor: {fileID: 0}
  m_LightProbeVolumeOverride: {fileID: 0}
  m_ScaleInLightmap: 1
  m_PreserveUVs: 0
  m_IgnoreNormalsForChartDetection: 0
  m_ImportantGI: 0
  m_StitchLightmapSeams: 0
  m_SelectedEditorRenderState: 3
  m_MinimumChartSize: 4
  m_AutoUVMaxDistance: 0.5
  m_AutoUVMaxAngle: 89
  m_LightmapParameters: {fileID: 0}
  m_SortingLayerID: 0
  m_SortingLayer: 0
  m_SortingOrder: 0
--- !u!1 &3041025573999747996
GameObject:
  m_ObjectHideFlags: 0
  m_CorrespondingSourceObject: {fileID: 0}
  m_PrefabInstance: {fileID: 0}
  m_PrefabAsset: {fileID: 0}
  serializedVersion: 6
  m_Component:
  - component: {fileID: 6642628240976459460}
  m_Layer: 0
  m_Name: PipeRoot (2)
  m_TagString: Untagged
  m_Icon: {fileID: 0}
  m_NavMeshLayer: 0
  m_StaticEditorFlags: 0
  m_IsActive: 1
--- !u!4 &6642628240976459460
Transform:
  m_ObjectHideFlags: 0
  m_CorrespondingSourceObject: {fileID: 0}
  m_PrefabInstance: {fileID: 0}
  m_PrefabAsset: {fileID: 0}
  m_GameObject: {fileID: 3041025573999747996}
  m_LocalRotation: {x: -0.25925687, y: -0.6774292, z: 0.24604718, w: 0.64291245}
  m_LocalPosition: {x: -0.0060840524, y: 0.139, z: 0.15973645}
  m_LocalScale: {x: 0.102906056, y: 0.102906056, z: 0.102906056}
  m_Children:
  - {fileID: 2881805168574656421}
  - {fileID: 8503047005518717866}
  m_Father: {fileID: 8970908423730147992}
  m_RootOrder: 5
  m_LocalEulerAnglesHint: {x: 0, y: 0, z: 42.008003}
--- !u!1 &3984816877087114478
GameObject:
  m_ObjectHideFlags: 0
  m_CorrespondingSourceObject: {fileID: 0}
  m_PrefabInstance: {fileID: 0}
  m_PrefabAsset: {fileID: 0}
  serializedVersion: 6
  m_Component:
  - component: {fileID: 1737216746907375684}
  - component: {fileID: 690256786148984843}
  - component: {fileID: 630675599977689465}
  m_Layer: 0
  m_Name: cannon_cannon
  m_TagString: Untagged
  m_Icon: {fileID: 0}
  m_NavMeshLayer: 0
  m_StaticEditorFlags: 0
  m_IsActive: 1
--- !u!4 &1737216746907375684
Transform:
  m_ObjectHideFlags: 0
  m_CorrespondingSourceObject: {fileID: 0}
  m_PrefabInstance: {fileID: 0}
  m_PrefabAsset: {fileID: 0}
  m_GameObject: {fileID: 3984816877087114478}
  m_LocalRotation: {x: 0.6938231, y: 0.13641396, z: -0.69382405, w: 0.13641456}
  m_LocalPosition: {x: 0.028563943, y: 0.026759956, z: -0.0001497604}
  m_LocalScale: {x: 47.38131, y: 47.381317, z: 187.3685}
  m_Children: []
  m_Father: {fileID: 317837701960106600}
  m_RootOrder: 0
  m_LocalEulerAnglesHint: {x: -202.246, y: 89.99999, z: -0.000015258789}
--- !u!33 &690256786148984843
MeshFilter:
  m_ObjectHideFlags: 0
  m_CorrespondingSourceObject: {fileID: 0}
  m_PrefabInstance: {fileID: 0}
  m_PrefabAsset: {fileID: 0}
  m_GameObject: {fileID: 3984816877087114478}
  m_Mesh: {fileID: 4300002, guid: 74853d863b5a31a44b1f33ab62c1beaa, type: 3}
--- !u!23 &630675599977689465
MeshRenderer:
  m_ObjectHideFlags: 0
  m_CorrespondingSourceObject: {fileID: 0}
  m_PrefabInstance: {fileID: 0}
  m_PrefabAsset: {fileID: 0}
  m_GameObject: {fileID: 3984816877087114478}
  m_Enabled: 1
  m_CastShadows: 1
  m_ReceiveShadows: 1
  m_DynamicOccludee: 1
  m_MotionVectors: 1
  m_LightProbeUsage: 1
  m_ReflectionProbeUsage: 1
  m_RenderingLayerMask: 1
  m_RendererPriority: 0
  m_Materials:
  - {fileID: 2100000, guid: 74853d863b5a31a44b1f33ab62c1beaa, type: 3}
  m_StaticBatchInfo:
    firstSubMesh: 0
    subMeshCount: 0
  m_StaticBatchRoot: {fileID: 0}
  m_ProbeAnchor: {fileID: 0}
  m_LightProbeVolumeOverride: {fileID: 0}
  m_ScaleInLightmap: 1
  m_PreserveUVs: 0
  m_IgnoreNormalsForChartDetection: 0
  m_ImportantGI: 0
  m_StitchLightmapSeams: 0
  m_SelectedEditorRenderState: 3
  m_MinimumChartSize: 4
  m_AutoUVMaxDistance: 0.5
  m_AutoUVMaxAngle: 89
  m_LightmapParameters: {fileID: 0}
  m_SortingLayerID: 0
  m_SortingLayer: 0
  m_SortingOrder: 0
--- !u!1 &4601072929613955148
GameObject:
  m_ObjectHideFlags: 0
  m_CorrespondingSourceObject: {fileID: 0}
  m_PrefabInstance: {fileID: 0}
  m_PrefabAsset: {fileID: 0}
  serializedVersion: 6
  m_Component:
  - component: {fileID: 6905790532864095506}
  m_Layer: 0
  m_Name: PipeRoot
  m_TagString: Untagged
  m_Icon: {fileID: 0}
  m_NavMeshLayer: 0
  m_StaticEditorFlags: 0
  m_IsActive: 1
--- !u!4 &6905790532864095506
Transform:
  m_ObjectHideFlags: 0
  m_CorrespondingSourceObject: {fileID: 0}
  m_PrefabInstance: {fileID: 0}
  m_PrefabAsset: {fileID: 0}
  m_GameObject: {fileID: 4601072929613955148}
  m_LocalRotation: {x: 0.000000044703484, y: -0, z: 0.35742596, w: 0.9339415}
  m_LocalPosition: {x: 0.193, y: 0.139, z: 0}
  m_LocalScale: {x: 0.102906056, y: 0.102906056, z: 0.102906056}
  m_Children:
  - {fileID: 8474498935114463845}
  - {fileID: 3043949794198661484}
  m_Father: {fileID: 8970908423730147992}
  m_RootOrder: 1
  m_LocalEulerAnglesHint: {x: 0, y: 0, z: 42.008003}
--- !u!1 &4805908537164480980
GameObject:
  m_ObjectHideFlags: 0
  m_CorrespondingSourceObject: {fileID: 0}
  m_PrefabInstance: {fileID: 0}
  m_PrefabAsset: {fileID: 0}
  serializedVersion: 6
  m_Component:
  - component: {fileID: 8503047005518717866}
  m_Layer: 0
  m_Name: Spawn
  m_TagString: Untagged
  m_Icon: {fileID: 0}
  m_NavMeshLayer: 0
  m_StaticEditorFlags: 0
  m_IsActive: 1
--- !u!4 &8503047005518717866
Transform:
  m_ObjectHideFlags: 0
  m_CorrespondingSourceObject: {fileID: 0}
  m_PrefabInstance: {fileID: 0}
  m_PrefabAsset: {fileID: 0}
  m_GameObject: {fileID: 4805908537164480980}
  m_LocalRotation: {x: -0.5963212, y: 0.38000086, z: -0.38000137, w: 0.5963215}
  m_LocalPosition: {x: 3.52, y: 1.64, z: 0}
  m_LocalScale: {x: 0.14621998, y: 0.16971138, z: 0.14622}
  m_Children: []
  m_Father: {fileID: 6642628240976459460}
  m_RootOrder: 1
  m_LocalEulerAnglesHint: {x: -24.986002, y: 90.00001, z: -90.00001}
--- !u!1 &5392408473333469550
GameObject:
  m_ObjectHideFlags: 0
  m_CorrespondingSourceObject: {fileID: 0}
  m_PrefabInstance: {fileID: 0}
  m_PrefabAsset: {fileID: 0}
  serializedVersion: 6
  m_Component:
  - component: {fileID: 4356479597300878098}
  m_Layer: 0
  m_Name: Spawn
  m_TagString: Untagged
  m_Icon: {fileID: 0}
  m_NavMeshLayer: 0
  m_StaticEditorFlags: 0
  m_IsActive: 1
--- !u!4 &4356479597300878098
Transform:
  m_ObjectHideFlags: 0
  m_CorrespondingSourceObject: {fileID: 0}
  m_PrefabInstance: {fileID: 0}
  m_PrefabAsset: {fileID: 0}
  m_GameObject: {fileID: 5392408473333469550}
  m_LocalRotation: {x: -0.5963212, y: 0.38000086, z: -0.38000137, w: 0.5963215}
  m_LocalPosition: {x: 3.36, y: 1.56, z: 0}
  m_LocalScale: {x: 0.14621998, y: 0.16971138, z: 0.14622}
  m_Children: []
  m_Father: {fileID: 317837701960106600}
  m_RootOrder: 1
  m_LocalEulerAnglesHint: {x: -24.986002, y: 90.00001, z: -90.00001}
--- !u!1 &5839253223928045943
GameObject:
  m_ObjectHideFlags: 0
  m_CorrespondingSourceObject: {fileID: 0}
  m_PrefabInstance: {fileID: 0}
  m_PrefabAsset: {fileID: 0}
  serializedVersion: 6
  m_Component:
  - component: {fileID: 5615615020387295747}
  - component: {fileID: 3249121376678280417}
  - component: {fileID: 5278087574564467697}
  - component: {fileID: 3154680193895052033}
  m_Layer: 0
  m_Name: cannon
  m_TagString: Untagged
  m_Icon: {fileID: 0}
  m_NavMeshLayer: 0
  m_StaticEditorFlags: 0
  m_IsActive: 1
--- !u!4 &5615615020387295747
Transform:
  m_ObjectHideFlags: 0
  m_CorrespondingSourceObject: {fileID: 0}
  m_PrefabInstance: {fileID: 0}
  m_PrefabAsset: {fileID: 0}
  m_GameObject: {fileID: 5839253223928045943}
  m_LocalRotation: {x: 0.39306495, y: 0.5877925, z: 0.58779246, w: -0.3930648}
  m_LocalPosition: {x: 0.02, y: 0.01, z: 0}
  m_LocalScale: {x: 18.107351, y: 18.107347, z: 12.423752}
  m_Children:
  - {fileID: 473147173963519025}
  - {fileID: 498823848287153336}
  m_Father: {fileID: 8970908423730147992}
  m_RootOrder: 2
  m_LocalEulerAnglesHint: {x: -90.00001, y: 0, z: 247.54199}
--- !u!33 &3249121376678280417
MeshFilter:
  m_ObjectHideFlags: 0
  m_CorrespondingSourceObject: {fileID: 0}
  m_PrefabInstance: {fileID: 0}
  m_PrefabAsset: {fileID: 0}
  m_GameObject: {fileID: 5839253223928045943}
  m_Mesh: {fileID: 4300000, guid: 74853d863b5a31a44b1f33ab62c1beaa, type: 3}
--- !u!23 &5278087574564467697
MeshRenderer:
  m_ObjectHideFlags: 0
  m_CorrespondingSourceObject: {fileID: 0}
  m_PrefabInstance: {fileID: 0}
  m_PrefabAsset: {fileID: 0}
  m_GameObject: {fileID: 5839253223928045943}
  m_Enabled: 1
  m_CastShadows: 1
  m_ReceiveShadows: 1
  m_DynamicOccludee: 1
  m_MotionVectors: 1
  m_LightProbeUsage: 1
  m_ReflectionProbeUsage: 1
  m_RenderingLayerMask: 1
  m_RendererPriority: 0
  m_Materials:
  - {fileID: 2100000, guid: 74853d863b5a31a44b1f33ab62c1beaa, type: 3}
  m_StaticBatchInfo:
    firstSubMesh: 0
    subMeshCount: 0
  m_StaticBatchRoot: {fileID: 0}
  m_ProbeAnchor: {fileID: 0}
  m_LightProbeVolumeOverride: {fileID: 0}
  m_ScaleInLightmap: 1
  m_PreserveUVs: 0
  m_IgnoreNormalsForChartDetection: 0
  m_ImportantGI: 0
  m_StitchLightmapSeams: 0
  m_SelectedEditorRenderState: 3
  m_MinimumChartSize: 4
  m_AutoUVMaxDistance: 0.5
  m_AutoUVMaxAngle: 89
  m_LightmapParameters: {fileID: 0}
  m_SortingLayerID: 0
  m_SortingLayer: 0
  m_SortingOrder: 0
--- !u!64 &3154680193895052033
MeshCollider:
  m_ObjectHideFlags: 0
  m_CorrespondingSourceObject: {fileID: 0}
  m_PrefabInstance: {fileID: 0}
  m_PrefabAsset: {fileID: 0}
  m_GameObject: {fileID: 5839253223928045943}
  m_Material: {fileID: 0}
  m_IsTrigger: 0
  m_Enabled: 1
  serializedVersion: 3
  m_Convex: 1
  m_CookingOptions: 14
  m_Mesh: {fileID: 4300000, guid: 74853d863b5a31a44b1f33ab62c1beaa, type: 3}
--- !u!1 &6035650752199657286
GameObject:
  m_ObjectHideFlags: 0
  m_CorrespondingSourceObject: {fileID: 0}
  m_PrefabInstance: {fileID: 0}
  m_PrefabAsset: {fileID: 0}
  serializedVersion: 6
  m_Component:
  - component: {fileID: 2881805168574656421}
  - component: {fileID: 919683361384332749}
  - component: {fileID: 3123864936403327890}
  m_Layer: 0
  m_Name: cannon_cannon
  m_TagString: Untagged
  m_Icon: {fileID: 0}
  m_NavMeshLayer: 0
  m_StaticEditorFlags: 0
  m_IsActive: 1
--- !u!4 &2881805168574656421
Transform:
  m_ObjectHideFlags: 0
  m_CorrespondingSourceObject: {fileID: 0}
  m_PrefabInstance: {fileID: 0}
  m_PrefabAsset: {fileID: 0}
  m_GameObject: {fileID: 6035650752199657286}
  m_LocalRotation: {x: 0.6938231, y: 0.13641396, z: -0.69382405, w: 0.13641456}
  m_LocalPosition: {x: 0.028563943, y: 0.026759956, z: -0.0001497604}
  m_LocalScale: {x: 47.38131, y: 47.381317, z: 187.3685}
  m_Children: []
  m_Father: {fileID: 6642628240976459460}
  m_RootOrder: 0
  m_LocalEulerAnglesHint: {x: -202.246, y: 89.99999, z: -0.000015258789}
--- !u!33 &919683361384332749
MeshFilter:
  m_ObjectHideFlags: 0
  m_CorrespondingSourceObject: {fileID: 0}
  m_PrefabInstance: {fileID: 0}
  m_PrefabAsset: {fileID: 0}
  m_GameObject: {fileID: 6035650752199657286}
  m_Mesh: {fileID: 4300002, guid: 74853d863b5a31a44b1f33ab62c1beaa, type: 3}
--- !u!23 &3123864936403327890
MeshRenderer:
  m_ObjectHideFlags: 0
  m_CorrespondingSourceObject: {fileID: 0}
  m_PrefabInstance: {fileID: 0}
  m_PrefabAsset: {fileID: 0}
  m_GameObject: {fileID: 6035650752199657286}
  m_Enabled: 1
  m_CastShadows: 1
  m_ReceiveShadows: 1
  m_DynamicOccludee: 1
  m_MotionVectors: 1
  m_LightProbeUsage: 1
  m_ReflectionProbeUsage: 1
  m_RenderingLayerMask: 1
  m_RendererPriority: 0
  m_Materials:
  - {fileID: 2100000, guid: 74853d863b5a31a44b1f33ab62c1beaa, type: 3}
  m_StaticBatchInfo:
    firstSubMesh: 0
    subMeshCount: 0
  m_StaticBatchRoot: {fileID: 0}
  m_ProbeAnchor: {fileID: 0}
  m_LightProbeVolumeOverride: {fileID: 0}
  m_ScaleInLightmap: 1
  m_PreserveUVs: 0
  m_IgnoreNormalsForChartDetection: 0
  m_ImportantGI: 0
  m_StitchLightmapSeams: 0
  m_SelectedEditorRenderState: 3
  m_MinimumChartSize: 4
  m_AutoUVMaxDistance: 0.5
  m_AutoUVMaxAngle: 89
  m_LightmapParameters: {fileID: 0}
  m_SortingLayerID: 0
  m_SortingLayer: 0
  m_SortingOrder: 0
--- !u!1 &6222602933086136272
GameObject:
  m_ObjectHideFlags: 0
  m_CorrespondingSourceObject: {fileID: 0}
  m_PrefabInstance: {fileID: 0}
  m_PrefabAsset: {fileID: 0}
  serializedVersion: 6
  m_Component:
  - component: {fileID: 8970908423730147992}
  - component: {fileID: 8910922105480381811}
  - component: {fileID: 6531096280939630280}
  - component: {fileID: 8031716576350313772}
  - component: {fileID: 6913301717963866160}
  m_Layer: 9
  m_Name: UltraMultiCannon
  m_TagString: Untagged
  m_Icon: {fileID: 0}
  m_NavMeshLayer: 0
  m_StaticEditorFlags: 0
  m_IsActive: 1
--- !u!4 &8970908423730147992
Transform:
  m_ObjectHideFlags: 0
  m_CorrespondingSourceObject: {fileID: 0}
  m_PrefabInstance: {fileID: 0}
  m_PrefabAsset: {fileID: 0}
  m_GameObject: {fileID: 6222602933086136272}
  m_LocalRotation: {x: 0, y: 0.9394237, z: 0, w: 0.34275806}
  m_LocalPosition: {x: -0.314, y: 1.267, z: 0.086}
  m_LocalScale: {x: 0.61, y: 0.61, z: 0.61}
  m_Children:
  - {fileID: 958728015321387925}
  - {fileID: 6905790532864095506}
  - {fileID: 5615615020387295747}
  - {fileID: 2962555072152493751}
  - {fileID: 317837701960106600}
  - {fileID: 6642628240976459460}
  - {fileID: 6478074642571259701}
  m_Father: {fileID: 0}
  m_RootOrder: 0
  m_LocalEulerAnglesHint: {x: 0, y: 139.91, z: 0}
--- !u!54 &8910922105480381811
Rigidbody:
  m_ObjectHideFlags: 0
  m_CorrespondingSourceObject: {fileID: 0}
  m_PrefabInstance: {fileID: 0}
  m_PrefabAsset: {fileID: 0}
  m_GameObject: {fileID: 6222602933086136272}
  serializedVersion: 2
  m_Mass: 1
  m_Drag: 0
  m_AngularDrag: 0.05
  m_UseGravity: 1
  m_IsKinematic: 1
  m_Interpolate: 0
  m_Constraints: 0
  m_CollisionDetection: 0
--- !u!114 &6531096280939630280
MonoBehaviour:
  m_ObjectHideFlags: 0
  m_CorrespondingSourceObject: {fileID: 0}
  m_PrefabInstance: {fileID: 0}
  m_PrefabAsset: {fileID: 0}
  m_GameObject: {fileID: 6222602933086136272}
  m_Enabled: 1
  m_EditorHideFlags: 0
  m_Script: {fileID: 11500000, guid: fa4a39dec1a23a043a14d554ccce8fe0, type: 3}
  m_Name: 
  m_EditorClassIdentifier: 
  Rigidbody: {fileID: 0}
  CanAttach: 1
  AllowTwoHanded: 0
  DisableKinematicOnAttach: 1
  EnableKinematicOnDetach: 0
  DropDistance: 1
  EnableGravityOnDetach: 1
  AttachedHands: []
  InteractionPoint: {fileID: 0}
  OnUseButtonDown:
    m_PersistentCalls:
      m_Calls: []
    m_TypeName: UnityEngine.Events.UnityEvent, UnityEngine.CoreModule, Version=0.0.0.0,
      Culture=neutral, PublicKeyToken=null
  OnUseButtonUp:
    m_PersistentCalls:
      m_Calls: []
    m_TypeName: UnityEngine.Events.UnityEvent, UnityEngine.CoreModule, Version=0.0.0.0,
      Culture=neutral, PublicKeyToken=null
  OnHovering:
    m_PersistentCalls:
      m_Calls: []
    m_TypeName: UnityEngine.Events.UnityEvent, UnityEngine.CoreModule, Version=0.0.0.0,
      Culture=neutral, PublicKeyToken=null
  OnBeginInteraction:
    m_PersistentCalls:
      m_Calls: []
    m_TypeName: UnityEngine.Events.UnityEvent, UnityEngine.CoreModule, Version=0.0.0.0,
      Culture=neutral, PublicKeyToken=null
  OnEndInteraction:
    m_PersistentCalls:
      m_Calls: []
    m_TypeName: UnityEngine.Events.UnityEvent, UnityEngine.CoreModule, Version=0.0.0.0,
      Culture=neutral, PublicKeyToken=null
--- !u!65 &8031716576350313772
BoxCollider:
  m_ObjectHideFlags: 0
  m_CorrespondingSourceObject: {fileID: 0}
  m_PrefabInstance: {fileID: 0}
  m_PrefabAsset: {fileID: 0}
  m_GameObject: {fileID: 6222602933086136272}
  m_Material: {fileID: 0}
  m_IsTrigger: 0
  m_Enabled: 1
  serializedVersion: 2
  m_Size: {x: 0.3, y: 0.3, z: 0.3}
  m_Center: {x: 0, y: 0.15, z: 0}
--- !u!114 &6913301717963866160
MonoBehaviour:
  m_ObjectHideFlags: 0
  m_CorrespondingSourceObject: {fileID: 0}
  m_PrefabInstance: {fileID: 0}
  m_PrefabAsset: {fileID: 0}
  m_GameObject: {fileID: 6222602933086136272}
  m_Enabled: 1
  m_EditorHideFlags: 0
  m_Script: {fileID: 11500000, guid: 1b5ef495c0de28945894d80ff5ad8d49, type: 3}
  m_Name: 
  m_EditorClassIdentifier: 
  spawnTransforms:
  - {fileID: 3043949794198661484}
  - {fileID: 4356479597300878098}
  - {fileID: 8503047005518717866}
  - {fileID: 7429793337736587891}
  ballPrefab: {fileID: 1500537989, guid: 423f972be2aad344fb731f43816ebe6f, type: 3}
  power: 6.64
--- !u!1 &6235878282474073750
GameObject:
  m_ObjectHideFlags: 0
  m_CorrespondingSourceObject: {fileID: 0}
  m_PrefabInstance: {fileID: 0}
  m_PrefabAsset: {fileID: 0}
  serializedVersion: 6
  m_Component:
  - component: {fileID: 3043949794198661484}
  m_Layer: 0
  m_Name: Spawn
  m_TagString: Untagged
  m_Icon: {fileID: 0}
  m_NavMeshLayer: 0
  m_StaticEditorFlags: 0
  m_IsActive: 1
--- !u!4 &3043949794198661484
Transform:
  m_ObjectHideFlags: 0
  m_CorrespondingSourceObject: {fileID: 0}
  m_PrefabInstance: {fileID: 0}
  m_PrefabAsset: {fileID: 0}
  m_GameObject: {fileID: 6235878282474073750}
  m_LocalRotation: {x: -0.5963212, y: 0.38000086, z: -0.38000137, w: 0.5963215}
  m_LocalPosition: {x: 3.5, y: 1.63, z: 0}
  m_LocalScale: {x: 0.14621998, y: 0.16971138, z: 0.14622}
  m_Children: []
  m_Father: {fileID: 6905790532864095506}
  m_RootOrder: 1
  m_LocalEulerAnglesHint: {x: -24.986002, y: 90.00001, z: -90.00001}
--- !u!1 &6445479141176215139
GameObject:
  m_ObjectHideFlags: 0
  m_CorrespondingSourceObject: {fileID: 0}
  m_PrefabInstance: {fileID: 0}
  m_PrefabAsset: {fileID: 0}
  serializedVersion: 6
  m_Component:
  - component: {fileID: 8474498935114463845}
  - component: {fileID: 8816198829783196566}
  - component: {fileID: 3493522030174867710}
  m_Layer: 0
  m_Name: cannon_cannon
  m_TagString: Untagged
  m_Icon: {fileID: 0}
  m_NavMeshLayer: 0
  m_StaticEditorFlags: 0
  m_IsActive: 1
--- !u!4 &8474498935114463845
Transform:
  m_ObjectHideFlags: 0
  m_CorrespondingSourceObject: {fileID: 0}
  m_PrefabInstance: {fileID: 0}
  m_PrefabAsset: {fileID: 0}
  m_GameObject: {fileID: 6445479141176215139}
  m_LocalRotation: {x: 0.6938231, y: 0.13641396, z: -0.69382405, w: 0.13641456}
  m_LocalPosition: {x: 0.028563943, y: 0.026759956, z: -0.0001497604}
  m_LocalScale: {x: 47.38131, y: 47.381317, z: 187.3685}
  m_Children: []
  m_Father: {fileID: 6905790532864095506}
  m_RootOrder: 0
  m_LocalEulerAnglesHint: {x: -202.246, y: 89.99999, z: -0.000015258789}
--- !u!33 &8816198829783196566
MeshFilter:
  m_ObjectHideFlags: 0
  m_CorrespondingSourceObject: {fileID: 0}
  m_PrefabInstance: {fileID: 0}
  m_PrefabAsset: {fileID: 0}
  m_GameObject: {fileID: 6445479141176215139}
  m_Mesh: {fileID: 4300002, guid: 74853d863b5a31a44b1f33ab62c1beaa, type: 3}
--- !u!23 &3493522030174867710
MeshRenderer:
  m_ObjectHideFlags: 0
  m_CorrespondingSourceObject: {fileID: 0}
  m_PrefabInstance: {fileID: 0}
  m_PrefabAsset: {fileID: 0}
  m_GameObject: {fileID: 6445479141176215139}
  m_Enabled: 1
  m_CastShadows: 1
  m_ReceiveShadows: 1
  m_DynamicOccludee: 1
  m_MotionVectors: 1
  m_LightProbeUsage: 1
  m_ReflectionProbeUsage: 1
  m_RenderingLayerMask: 1
  m_RendererPriority: 0
  m_Materials:
  - {fileID: 2100000, guid: 74853d863b5a31a44b1f33ab62c1beaa, type: 3}
  m_StaticBatchInfo:
    firstSubMesh: 0
    subMeshCount: 0
  m_StaticBatchRoot: {fileID: 0}
  m_ProbeAnchor: {fileID: 0}
  m_LightProbeVolumeOverride: {fileID: 0}
  m_ScaleInLightmap: 1
  m_PreserveUVs: 0
  m_IgnoreNormalsForChartDetection: 0
  m_ImportantGI: 0
  m_StitchLightmapSeams: 0
  m_SelectedEditorRenderState: 3
  m_MinimumChartSize: 4
  m_AutoUVMaxDistance: 0.5
  m_AutoUVMaxAngle: 89
  m_LightmapParameters: {fileID: 0}
  m_SortingLayerID: 0
  m_SortingLayer: 0
  m_SortingOrder: 0
--- !u!1 &7875221730198459966
GameObject:
  m_ObjectHideFlags: 0
  m_CorrespondingSourceObject: {fileID: 0}
  m_PrefabInstance: {fileID: 0}
  m_PrefabAsset: {fileID: 0}
  serializedVersion: 6
  m_Component:
  - component: {fileID: 7429793337736587891}
  m_Layer: 0
  m_Name: Spawn
  m_TagString: Untagged
  m_Icon: {fileID: 0}
  m_NavMeshLayer: 0
  m_StaticEditorFlags: 0
  m_IsActive: 1
--- !u!4 &7429793337736587891
Transform:
  m_ObjectHideFlags: 0
  m_CorrespondingSourceObject: {fileID: 0}
  m_PrefabInstance: {fileID: 0}
  m_PrefabAsset: {fileID: 0}
  m_GameObject: {fileID: 7875221730198459966}
  m_LocalRotation: {x: -0.5963212, y: 0.38000086, z: -0.38000137, w: 0.5963215}
  m_LocalPosition: {x: 3.52, y: 1.64, z: 0}
  m_LocalScale: {x: 0.14621998, y: 0.16971138, z: 0.14622}
  m_Children: []
  m_Father: {fileID: 6478074642571259701}
  m_RootOrder: 1
  m_LocalEulerAnglesHint: {x: -24.986002, y: 90.00001, z: -90.00001}
--- !u!1 &8833713719153987166
GameObject:
  m_ObjectHideFlags: 0
  m_CorrespondingSourceObject: {fileID: 0}
  m_PrefabInstance: {fileID: 0}
  m_PrefabAsset: {fileID: 0}
  serializedVersion: 6
  m_Component:
  - component: {fileID: 2962555072152493751}
  m_Layer: 0
  m_Name: BallSpawn
  m_TagString: Untagged
  m_Icon: {fileID: 0}
  m_NavMeshLayer: 0
  m_StaticEditorFlags: 0
  m_IsActive: 1
--- !u!4 &2962555072152493751
Transform:
  m_ObjectHideFlags: 0
  m_CorrespondingSourceObject: {fileID: 0}
  m_PrefabInstance: {fileID: 0}
  m_PrefabAsset: {fileID: 0}
  m_GameObject: {fileID: 8833713719153987166}
  m_LocalRotation: {x: 0, y: 0, z: 0, w: 1}
  m_LocalPosition: {x: 0, y: 1.157, z: 0}
  m_LocalScale: {x: 0.102906056, y: 0.102906056, z: 0.102906056}
  m_Children: []
  m_Father: {fileID: 8970908423730147992}
  m_RootOrder: 3
  m_LocalEulerAnglesHint: {x: 0, y: 0, z: 0}
