%YAML 1.1
%TAG !u! tag:unity3d.com,2011:
--- !u!29 &1
OcclusionCullingSettings:
  m_ObjectHideFlags: 0
  serializedVersion: 2
  m_OcclusionBakeSettings:
    smallestOccluder: 5
    smallestHole: 0.25
    backfaceThreshold: 100
  m_SceneGUID: 00000000000000000000000000000000
  m_OcclusionCullingData: {fileID: 0}
--- !u!104 &2
RenderSettings:
  m_ObjectHideFlags: 0
  serializedVersion: 9
  m_Fog: 0
  m_FogColor: {r: 0.5, g: 0.5, b: 0.5, a: 1}
  m_FogMode: 3
  m_FogDensity: 0.01
  m_LinearFogStart: 0
  m_LinearFogEnd: 300
  m_AmbientSkyColor: {r: 0.212, g: 0.227, b: 0.259, a: 1}
  m_AmbientEquatorColor: {r: 0.114, g: 0.125, b: 0.133, a: 1}
  m_AmbientGroundColor: {r: 0.047, g: 0.043, b: 0.035, a: 1}
  m_AmbientIntensity: 0.26
  m_AmbientMode: 0
  m_SubtractiveShadowColor: {r: 0.42, g: 0.478, b: 0.627, a: 1}
  m_SkyboxMaterial: {fileID: 10304, guid: 0000000000000000f000000000000000, type: 0}
  m_HaloStrength: 0.5
  m_FlareStrength: 1
  m_FlareFadeSpeed: 3
  m_HaloTexture: {fileID: 0}
  m_SpotCookie: {fileID: 10001, guid: 0000000000000000e000000000000000, type: 0}
  m_DefaultReflectionMode: 0
  m_DefaultReflectionResolution: 128
  m_ReflectionBounces: 1
  m_ReflectionIntensity: 1
  m_CustomReflection: {fileID: 0}
  m_Sun: {fileID: 0}
  m_IndirectSpecularColor: {r: 0.44658, g: 0.49641526, b: 0.5748196, a: 1}
  m_UseRadianceAmbientProbe: 0
--- !u!157 &3
LightmapSettings:
  m_ObjectHideFlags: 0
  serializedVersion: 11
  m_GIWorkflowMode: 0
  m_GISettings:
    serializedVersion: 2
    m_BounceScale: 1
    m_IndirectOutputScale: 1
    m_AlbedoBoost: 1
    m_EnvironmentLightingMode: 0
    m_EnableBakedLightmaps: 1
    m_EnableRealtimeLightmaps: 1
  m_LightmapEditorSettings:
    serializedVersion: 10
    m_Resolution: 2
    m_BakeResolution: 40
    m_AtlasSize: 1024
    m_AO: 0
    m_AOMaxDistance: 1
    m_CompAOExponent: 1
    m_CompAOExponentDirect: 0
    m_Padding: 2
    m_LightmapParameters: {fileID: 0}
    m_LightmapsBakeMode: 1
    m_TextureCompression: 1
    m_FinalGather: 0
    m_FinalGatherFiltering: 1
    m_FinalGatherRayCount: 256
    m_ReflectionCompression: 2
    m_MixedBakeMode: 2
    m_BakeBackend: 1
    m_PVRSampling: 1
    m_PVRDirectSampleCount: 32
    m_PVRSampleCount: 500
    m_PVRBounces: 2
    m_PVRFilterTypeDirect: 0
    m_PVRFilterTypeIndirect: 0
    m_PVRFilterTypeAO: 0
    m_PVRFilteringMode: 1
    m_PVRCulling: 1
    m_PVRFilteringGaussRadiusDirect: 1
    m_PVRFilteringGaussRadiusIndirect: 5
    m_PVRFilteringGaussRadiusAO: 2
    m_PVRFilteringAtrousPositionSigmaDirect: 0.5
    m_PVRFilteringAtrousPositionSigmaIndirect: 2
    m_PVRFilteringAtrousPositionSigmaAO: 1
    m_ShowResolutionOverlay: 1
  m_LightingDataAsset: {fileID: 0}
  m_UseShadowmask: 1
--- !u!196 &4
NavMeshSettings:
  serializedVersion: 2
  m_ObjectHideFlags: 0
  m_BuildSettings:
    serializedVersion: 2
    agentTypeID: 0
    agentRadius: 0.5
    agentHeight: 2
    agentSlope: 45
    agentClimb: 0.4
    ledgeDropHeight: 0
    maxJumpAcrossDistance: 0
    minRegionArea: 2
    manualCellSize: 0
    cellSize: 0.16666667
    manualTileSize: 0
    tileSize: 256
    accuratePlacement: 0
    debug:
      m_Flags: 0
  m_NavMeshData: {fileID: 0}
--- !u!1 &95590092
GameObject:
  m_ObjectHideFlags: 0
  m_CorrespondingSourceObject: {fileID: 0}
  m_PrefabInstance: {fileID: 0}
  m_PrefabAsset: {fileID: 0}
  serializedVersion: 6
  m_Component:
  - component: {fileID: 95590096}
  - component: {fileID: 95590095}
  - component: {fileID: 95590094}
  - component: {fileID: 95590093}
  m_Layer: 0
  m_Name: Cube (1)
  m_TagString: Untagged
  m_Icon: {fileID: 0}
  m_NavMeshLayer: 0
  m_StaticEditorFlags: 0
  m_IsActive: 1
--- !u!65 &95590093
BoxCollider:
  m_ObjectHideFlags: 0
  m_CorrespondingSourceObject: {fileID: 0}
  m_PrefabInstance: {fileID: 0}
  m_PrefabAsset: {fileID: 0}
  m_GameObject: {fileID: 95590092}
  m_Material: {fileID: 0}
  m_IsTrigger: 0
  m_Enabled: 1
  serializedVersion: 2
  m_Size: {x: 1, y: 1, z: 1}
  m_Center: {x: 0, y: 0, z: 0}
--- !u!23 &95590094
MeshRenderer:
  m_ObjectHideFlags: 0
  m_CorrespondingSourceObject: {fileID: 0}
  m_PrefabInstance: {fileID: 0}
  m_PrefabAsset: {fileID: 0}
  m_GameObject: {fileID: 95590092}
  m_Enabled: 1
  m_CastShadows: 1
  m_ReceiveShadows: 1
  m_DynamicOccludee: 1
  m_MotionVectors: 1
  m_LightProbeUsage: 1
  m_ReflectionProbeUsage: 1
  m_RenderingLayerMask: 1
  m_RendererPriority: 0
  m_Materials:
  - {fileID: 10303, guid: 0000000000000000f000000000000000, type: 0}
  m_StaticBatchInfo:
    firstSubMesh: 0
    subMeshCount: 0
  m_StaticBatchRoot: {fileID: 0}
  m_ProbeAnchor: {fileID: 0}
  m_LightProbeVolumeOverride: {fileID: 0}
  m_ScaleInLightmap: 1
  m_PreserveUVs: 0
  m_IgnoreNormalsForChartDetection: 0
  m_ImportantGI: 0
  m_StitchLightmapSeams: 0
  m_SelectedEditorRenderState: 3
  m_MinimumChartSize: 4
  m_AutoUVMaxDistance: 0.5
  m_AutoUVMaxAngle: 89
  m_LightmapParameters: {fileID: 0}
  m_SortingLayerID: 0
  m_SortingLayer: 0
  m_SortingOrder: 0
--- !u!33 &95590095
MeshFilter:
  m_ObjectHideFlags: 0
  m_CorrespondingSourceObject: {fileID: 0}
  m_PrefabInstance: {fileID: 0}
  m_PrefabAsset: {fileID: 0}
  m_GameObject: {fileID: 95590092}
  m_Mesh: {fileID: 10202, guid: 0000000000000000e000000000000000, type: 0}
--- !u!4 &95590096
Transform:
  m_ObjectHideFlags: 0
  m_CorrespondingSourceObject: {fileID: 0}
  m_PrefabInstance: {fileID: 0}
  m_PrefabAsset: {fileID: 0}
  m_GameObject: {fileID: 95590092}
  m_LocalRotation: {x: 0, y: 0, z: 0, w: 1}
  m_LocalPosition: {x: 0, y: 0, z: 0}
  m_LocalScale: {x: 0.47292063, y: 4.97, z: 0.47292063}
  m_Children: []
  m_Father: {fileID: 0}
  m_RootOrder: 8
  m_LocalEulerAnglesHint: {x: 0, y: 0, z: 0}
--- !u!1 &97236866
GameObject:
  m_ObjectHideFlags: 0
  m_CorrespondingSourceObject: {fileID: 0}
  m_PrefabInstance: {fileID: 0}
  m_PrefabAsset: {fileID: 0}
  serializedVersion: 6
  m_Component:
  - component: {fileID: 97236871}
  - component: {fileID: 97236870}
  - component: {fileID: 97236869}
  - component: {fileID: 97236868}
  - component: {fileID: 97236867}
  m_Layer: 0
  m_Name: "K\xE4gla (1)"
  m_TagString: Untagged
  m_Icon: {fileID: 0}
  m_NavMeshLayer: 0
  m_StaticEditorFlags: 0
  m_IsActive: 1
--- !u!54 &97236867
Rigidbody:
  m_ObjectHideFlags: 0
  m_CorrespondingSourceObject: {fileID: 0}
  m_PrefabInstance: {fileID: 0}
  m_PrefabAsset: {fileID: 0}
  m_GameObject: {fileID: 97236866}
  serializedVersion: 2
  m_Mass: 0.4
  m_Drag: 0
  m_AngularDrag: 0.05
  m_UseGravity: 1
  m_IsKinematic: 0
  m_Interpolate: 0
  m_Constraints: 0
  m_CollisionDetection: 0
--- !u!65 &97236868
BoxCollider:
  m_ObjectHideFlags: 0
  m_CorrespondingSourceObject: {fileID: 0}
  m_PrefabInstance: {fileID: 0}
  m_PrefabAsset: {fileID: 0}
  m_GameObject: {fileID: 97236866}
  m_Material: {fileID: 0}
  m_IsTrigger: 0
  m_Enabled: 1
  serializedVersion: 2
  m_Size: {x: 1, y: 1, z: 1}
  m_Center: {x: 0, y: 0, z: 0}
--- !u!23 &97236869
MeshRenderer:
  m_ObjectHideFlags: 0
  m_CorrespondingSourceObject: {fileID: 0}
  m_PrefabInstance: {fileID: 0}
  m_PrefabAsset: {fileID: 0}
  m_GameObject: {fileID: 97236866}
  m_Enabled: 1
  m_CastShadows: 1
  m_ReceiveShadows: 1
  m_DynamicOccludee: 1
  m_MotionVectors: 1
  m_LightProbeUsage: 1
  m_ReflectionProbeUsage: 1
  m_RenderingLayerMask: 1
  m_RendererPriority: 0
  m_Materials:
  - {fileID: 2100000, guid: b2e34385f12f86f4991931ff00354438, type: 2}
  m_StaticBatchInfo:
    firstSubMesh: 0
    subMeshCount: 0
  m_StaticBatchRoot: {fileID: 0}
  m_ProbeAnchor: {fileID: 0}
  m_LightProbeVolumeOverride: {fileID: 0}
  m_ScaleInLightmap: 1
  m_PreserveUVs: 0
  m_IgnoreNormalsForChartDetection: 0
  m_ImportantGI: 0
  m_StitchLightmapSeams: 0
  m_SelectedEditorRenderState: 3
  m_MinimumChartSize: 4
  m_AutoUVMaxDistance: 0.5
  m_AutoUVMaxAngle: 89
  m_LightmapParameters: {fileID: 0}
  m_SortingLayerID: 0
  m_SortingLayer: 0
  m_SortingOrder: 0
--- !u!33 &97236870
MeshFilter:
  m_ObjectHideFlags: 0
  m_CorrespondingSourceObject: {fileID: 0}
  m_PrefabInstance: {fileID: 0}
  m_PrefabAsset: {fileID: 0}
  m_GameObject: {fileID: 97236866}
  m_Mesh: {fileID: 10202, guid: 0000000000000000e000000000000000, type: 0}
--- !u!4 &97236871
Transform:
  m_ObjectHideFlags: 0
  m_CorrespondingSourceObject: {fileID: 0}
  m_PrefabInstance: {fileID: 0}
  m_PrefabAsset: {fileID: 0}
  m_GameObject: {fileID: 97236866}
  m_LocalRotation: {x: 0, y: 0, z: 0, w: 1}
  m_LocalPosition: {x: -2.6523, y: 1.4313, z: 0.371}
  m_LocalScale: {x: 0.034508646, y: 0.25082955, z: 0.034508646}
  m_Children: []
  m_Father: {fileID: 0}
  m_RootOrder: 10
  m_LocalEulerAnglesHint: {x: 0, y: 0, z: 0}
--- !u!1001 &155299059
PrefabInstance:
  m_ObjectHideFlags: 0
  serializedVersion: 2
  m_Modification:
    m_TransformParent: {fileID: 0}
    m_Modifications:
    - target: {fileID: 3618773244543554768, guid: a4d1cb74d0341914b8e480be8e820e30,
        type: 3}
      propertyPath: m_Name
      value: Cannon (9)
      objectReference: {fileID: 0}
    - target: {fileID: 4074051655575319289, guid: a4d1cb74d0341914b8e480be8e820e30,
        type: 3}
      propertyPath: m_LocalPosition.x
      value: 1.67
      objectReference: {fileID: 0}
    - target: {fileID: 4074051655575319289, guid: a4d1cb74d0341914b8e480be8e820e30,
        type: 3}
      propertyPath: m_LocalPosition.y
      value: 0.587
      objectReference: {fileID: 0}
    - target: {fileID: 4074051655575319289, guid: a4d1cb74d0341914b8e480be8e820e30,
        type: 3}
      propertyPath: m_LocalPosition.z
      value: 2.14
      objectReference: {fileID: 0}
    - target: {fileID: 4074051655575319289, guid: a4d1cb74d0341914b8e480be8e820e30,
        type: 3}
      propertyPath: m_LocalRotation.x
      value: -0
      objectReference: {fileID: 0}
    - target: {fileID: 4074051655575319289, guid: a4d1cb74d0341914b8e480be8e820e30,
        type: 3}
      propertyPath: m_LocalRotation.y
      value: 0.7434811
      objectReference: {fileID: 0}
    - target: {fileID: 4074051655575319289, guid: a4d1cb74d0341914b8e480be8e820e30,
        type: 3}
      propertyPath: m_LocalRotation.z
      value: -0
      objectReference: {fileID: 0}
    - target: {fileID: 4074051655575319289, guid: a4d1cb74d0341914b8e480be8e820e30,
        type: 3}
      propertyPath: m_LocalRotation.w
      value: 0.66875696
      objectReference: {fileID: 0}
    - target: {fileID: 4074051655575319289, guid: a4d1cb74d0341914b8e480be8e820e30,
        type: 3}
      propertyPath: m_RootOrder
      value: 26
      objectReference: {fileID: 0}
    - target: {fileID: 4074051655575319289, guid: a4d1cb74d0341914b8e480be8e820e30,
        type: 3}
      propertyPath: m_LocalEulerAnglesHint.x
      value: 0
      objectReference: {fileID: 0}
    - target: {fileID: 4074051655575319289, guid: a4d1cb74d0341914b8e480be8e820e30,
        type: 3}
      propertyPath: m_LocalEulerAnglesHint.y
      value: 96.05801
      objectReference: {fileID: 0}
    - target: {fileID: 4074051655575319289, guid: a4d1cb74d0341914b8e480be8e820e30,
        type: 3}
      propertyPath: m_LocalEulerAnglesHint.z
      value: 0
      objectReference: {fileID: 0}
    m_RemovedComponents: []
  m_SourcePrefab: {fileID: 100100000, guid: a4d1cb74d0341914b8e480be8e820e30, type: 3}
--- !u!1 &231025333
GameObject:
  m_ObjectHideFlags: 0
  m_CorrespondingSourceObject: {fileID: 0}
  m_PrefabInstance: {fileID: 0}
  m_PrefabAsset: {fileID: 0}
  serializedVersion: 6
  m_Component:
  - component: {fileID: 231025338}
  - component: {fileID: 231025337}
  - component: {fileID: 231025336}
  - component: {fileID: 231025335}
  - component: {fileID: 231025334}
  m_Layer: 0
  m_Name: Cube
  m_TagString: Untagged
  m_Icon: {fileID: 0}
  m_NavMeshLayer: 0
  m_StaticEditorFlags: 0
  m_IsActive: 1
--- !u!54 &231025334
Rigidbody:
  m_ObjectHideFlags: 0
  m_CorrespondingSourceObject: {fileID: 0}
  m_PrefabInstance: {fileID: 0}
  m_PrefabAsset: {fileID: 0}
  m_GameObject: {fileID: 231025333}
  serializedVersion: 2
  m_Mass: 1
  m_Drag: 0
  m_AngularDrag: 0.05
  m_UseGravity: 1
  m_IsKinematic: 0
  m_Interpolate: 0
  m_Constraints: 0
  m_CollisionDetection: 0
--- !u!65 &231025335
BoxCollider:
  m_ObjectHideFlags: 0
  m_CorrespondingSourceObject: {fileID: 0}
  m_PrefabInstance: {fileID: 0}
  m_PrefabAsset: {fileID: 0}
  m_GameObject: {fileID: 231025333}
  m_Material: {fileID: 0}
  m_IsTrigger: 0
  m_Enabled: 1
  serializedVersion: 2
  m_Size: {x: 1, y: 1, z: 1}
  m_Center: {x: 0, y: 0, z: 0}
--- !u!23 &231025336
MeshRenderer:
  m_ObjectHideFlags: 0
  m_CorrespondingSourceObject: {fileID: 0}
  m_PrefabInstance: {fileID: 0}
  m_PrefabAsset: {fileID: 0}
  m_GameObject: {fileID: 231025333}
  m_Enabled: 1
  m_CastShadows: 1
  m_ReceiveShadows: 1
  m_DynamicOccludee: 1
  m_MotionVectors: 1
  m_LightProbeUsage: 1
  m_ReflectionProbeUsage: 1
  m_RenderingLayerMask: 1
  m_RendererPriority: 0
  m_Materials:
  - {fileID: 2100000, guid: f75c286a15aa6ac42aa8258d20a7acfc, type: 2}
  m_StaticBatchInfo:
    firstSubMesh: 0
    subMeshCount: 0
  m_StaticBatchRoot: {fileID: 0}
  m_ProbeAnchor: {fileID: 0}
  m_LightProbeVolumeOverride: {fileID: 0}
  m_ScaleInLightmap: 1
  m_PreserveUVs: 0
  m_IgnoreNormalsForChartDetection: 0
  m_ImportantGI: 0
  m_StitchLightmapSeams: 0
  m_SelectedEditorRenderState: 3
  m_MinimumChartSize: 4
  m_AutoUVMaxDistance: 0.5
  m_AutoUVMaxAngle: 89
  m_LightmapParameters: {fileID: 0}
  m_SortingLayerID: 0
  m_SortingLayer: 0
  m_SortingOrder: 0
--- !u!33 &231025337
MeshFilter:
  m_ObjectHideFlags: 0
  m_CorrespondingSourceObject: {fileID: 0}
  m_PrefabInstance: {fileID: 0}
  m_PrefabAsset: {fileID: 0}
  m_GameObject: {fileID: 231025333}
  m_Mesh: {fileID: 10202, guid: 0000000000000000e000000000000000, type: 0}
--- !u!4 &231025338
Transform:
  m_ObjectHideFlags: 0
  m_CorrespondingSourceObject: {fileID: 0}
  m_PrefabInstance: {fileID: 0}
  m_PrefabAsset: {fileID: 0}
  m_GameObject: {fileID: 231025333}
  m_LocalRotation: {x: 0, y: 0, z: 0, w: 1}
  m_LocalPosition: {x: -2.652, y: 0.893, z: 1.668}
  m_LocalScale: {x: 0.8045452, y: 0.8045452, z: 4.0663047}
  m_Children: []
  m_Father: {fileID: 0}
  m_RootOrder: 4
  m_LocalEulerAnglesHint: {x: 0, y: 0, z: 0}
--- !u!1001 &302123981
PrefabInstance:
  m_ObjectHideFlags: 0
  serializedVersion: 2
  m_Modification:
    m_TransformParent: {fileID: 0}
    m_Modifications:
    - target: {fileID: 3618773244543554768, guid: a4d1cb74d0341914b8e480be8e820e30,
        type: 3}
      propertyPath: m_Name
      value: Cannon (6)
      objectReference: {fileID: 0}
    - target: {fileID: 4074051655575319289, guid: a4d1cb74d0341914b8e480be8e820e30,
        type: 3}
      propertyPath: m_LocalPosition.x
      value: 1.67
      objectReference: {fileID: 0}
    - target: {fileID: 4074051655575319289, guid: a4d1cb74d0341914b8e480be8e820e30,
        type: 3}
      propertyPath: m_LocalPosition.y
      value: 0.587
      objectReference: {fileID: 0}
    - target: {fileID: 4074051655575319289, guid: a4d1cb74d0341914b8e480be8e820e30,
        type: 3}
      propertyPath: m_LocalPosition.z
      value: -0.89
      objectReference: {fileID: 0}
    - target: {fileID: 4074051655575319289, guid: a4d1cb74d0341914b8e480be8e820e30,
        type: 3}
      propertyPath: m_LocalRotation.x
      value: -0
      objectReference: {fileID: 0}
    - target: {fileID: 4074051655575319289, guid: a4d1cb74d0341914b8e480be8e820e30,
        type: 3}
      propertyPath: m_LocalRotation.y
      value: 0.7434811
      objectReference: {fileID: 0}
    - target: {fileID: 4074051655575319289, guid: a4d1cb74d0341914b8e480be8e820e30,
        type: 3}
      propertyPath: m_LocalRotation.z
      value: -0
      objectReference: {fileID: 0}
    - target: {fileID: 4074051655575319289, guid: a4d1cb74d0341914b8e480be8e820e30,
        type: 3}
      propertyPath: m_LocalRotation.w
      value: 0.66875696
      objectReference: {fileID: 0}
    - target: {fileID: 4074051655575319289, guid: a4d1cb74d0341914b8e480be8e820e30,
        type: 3}
      propertyPath: m_RootOrder
      value: 23
      objectReference: {fileID: 0}
    - target: {fileID: 4074051655575319289, guid: a4d1cb74d0341914b8e480be8e820e30,
        type: 3}
      propertyPath: m_LocalEulerAnglesHint.x
      value: 0
      objectReference: {fileID: 0}
    - target: {fileID: 4074051655575319289, guid: a4d1cb74d0341914b8e480be8e820e30,
        type: 3}
      propertyPath: m_LocalEulerAnglesHint.y
      value: 96.05801
      objectReference: {fileID: 0}
    - target: {fileID: 4074051655575319289, guid: a4d1cb74d0341914b8e480be8e820e30,
        type: 3}
      propertyPath: m_LocalEulerAnglesHint.z
      value: 0
      objectReference: {fileID: 0}
    m_RemovedComponents: []
  m_SourcePrefab: {fileID: 100100000, guid: a4d1cb74d0341914b8e480be8e820e30, type: 3}
--- !u!1001 &447769177
PrefabInstance:
  m_ObjectHideFlags: 0
  serializedVersion: 2
  m_Modification:
    m_TransformParent: {fileID: 0}
    m_Modifications:
    - target: {fileID: 3618773244543554768, guid: a4d1cb74d0341914b8e480be8e820e30,
        type: 3}
      propertyPath: m_Name
      value: Cannon (12)
      objectReference: {fileID: 0}
    - target: {fileID: 4074051655575319289, guid: a4d1cb74d0341914b8e480be8e820e30,
        type: 3}
      propertyPath: m_LocalPosition.x
      value: -0.89
      objectReference: {fileID: 0}
    - target: {fileID: 4074051655575319289, guid: a4d1cb74d0341914b8e480be8e820e30,
        type: 3}
      propertyPath: m_LocalPosition.y
      value: 0.587
      objectReference: {fileID: 0}
    - target: {fileID: 4074051655575319289, guid: a4d1cb74d0341914b8e480be8e820e30,
        type: 3}
      propertyPath: m_LocalPosition.z
      value: 1.64
      objectReference: {fileID: 0}
    - target: {fileID: 4074051655575319289, guid: a4d1cb74d0341914b8e480be8e820e30,
        type: 3}
      propertyPath: m_LocalRotation.x
      value: -0
      objectReference: {fileID: 0}
    - target: {fileID: 4074051655575319289, guid: a4d1cb74d0341914b8e480be8e820e30,
        type: 3}
      propertyPath: m_LocalRotation.y
      value: 0.7434811
      objectReference: {fileID: 0}
    - target: {fileID: 4074051655575319289, guid: a4d1cb74d0341914b8e480be8e820e30,
        type: 3}
      propertyPath: m_LocalRotation.z
      value: -0
      objectReference: {fileID: 0}
    - target: {fileID: 4074051655575319289, guid: a4d1cb74d0341914b8e480be8e820e30,
        type: 3}
      propertyPath: m_LocalRotation.w
      value: 0.66875696
      objectReference: {fileID: 0}
    - target: {fileID: 4074051655575319289, guid: a4d1cb74d0341914b8e480be8e820e30,
        type: 3}
      propertyPath: m_RootOrder
      value: 29
      objectReference: {fileID: 0}
    - target: {fileID: 4074051655575319289, guid: a4d1cb74d0341914b8e480be8e820e30,
        type: 3}
      propertyPath: m_LocalEulerAnglesHint.x
      value: 0
      objectReference: {fileID: 0}
    - target: {fileID: 4074051655575319289, guid: a4d1cb74d0341914b8e480be8e820e30,
        type: 3}
      propertyPath: m_LocalEulerAnglesHint.y
      value: 96.05801
      objectReference: {fileID: 0}
    - target: {fileID: 4074051655575319289, guid: a4d1cb74d0341914b8e480be8e820e30,
        type: 3}
      propertyPath: m_LocalEulerAnglesHint.z
      value: 0
      objectReference: {fileID: 0}
    m_RemovedComponents: []
  m_SourcePrefab: {fileID: 100100000, guid: a4d1cb74d0341914b8e480be8e820e30, type: 3}
--- !u!1001 &466457208
PrefabInstance:
  m_ObjectHideFlags: 0
  serializedVersion: 2
  m_Modification:
    m_TransformParent: {fileID: 0}
    m_Modifications:
    - target: {fileID: 3618773244543554768, guid: a4d1cb74d0341914b8e480be8e820e30,
        type: 3}
      propertyPath: m_Name
      value: Cannon (7)
      objectReference: {fileID: 0}
    - target: {fileID: 4074051655575319289, guid: a4d1cb74d0341914b8e480be8e820e30,
        type: 3}
      propertyPath: m_LocalPosition.x
      value: 1.67
      objectReference: {fileID: 0}
    - target: {fileID: 4074051655575319289, guid: a4d1cb74d0341914b8e480be8e820e30,
        type: 3}
      propertyPath: m_LocalPosition.y
      value: 0.587
      objectReference: {fileID: 0}
    - target: {fileID: 4074051655575319289, guid: a4d1cb74d0341914b8e480be8e820e30,
        type: 3}
      propertyPath: m_LocalPosition.z
      value: -0.36
      objectReference: {fileID: 0}
    - target: {fileID: 4074051655575319289, guid: a4d1cb74d0341914b8e480be8e820e30,
        type: 3}
      propertyPath: m_LocalRotation.x
      value: -0
      objectReference: {fileID: 0}
    - target: {fileID: 4074051655575319289, guid: a4d1cb74d0341914b8e480be8e820e30,
        type: 3}
      propertyPath: m_LocalRotation.y
      value: 0.7434811
      objectReference: {fileID: 0}
    - target: {fileID: 4074051655575319289, guid: a4d1cb74d0341914b8e480be8e820e30,
        type: 3}
      propertyPath: m_LocalRotation.z
      value: -0
      objectReference: {fileID: 0}
    - target: {fileID: 4074051655575319289, guid: a4d1cb74d0341914b8e480be8e820e30,
        type: 3}
      propertyPath: m_LocalRotation.w
      value: 0.66875696
      objectReference: {fileID: 0}
    - target: {fileID: 4074051655575319289, guid: a4d1cb74d0341914b8e480be8e820e30,
        type: 3}
      propertyPath: m_RootOrder
      value: 24
      objectReference: {fileID: 0}
    - target: {fileID: 4074051655575319289, guid: a4d1cb74d0341914b8e480be8e820e30,
        type: 3}
      propertyPath: m_LocalEulerAnglesHint.x
      value: 0
      objectReference: {fileID: 0}
    - target: {fileID: 4074051655575319289, guid: a4d1cb74d0341914b8e480be8e820e30,
        type: 3}
      propertyPath: m_LocalEulerAnglesHint.y
      value: 96.05801
      objectReference: {fileID: 0}
    - target: {fileID: 4074051655575319289, guid: a4d1cb74d0341914b8e480be8e820e30,
        type: 3}
      propertyPath: m_LocalEulerAnglesHint.z
      value: 0
      objectReference: {fileID: 0}
    m_RemovedComponents: []
  m_SourcePrefab: {fileID: 100100000, guid: a4d1cb74d0341914b8e480be8e820e30, type: 3}
--- !u!1001 &713252260
PrefabInstance:
  m_ObjectHideFlags: 0
  serializedVersion: 2
  m_Modification:
    m_TransformParent: {fileID: 0}
    m_Modifications:
    - target: {fileID: 3618773244543554768, guid: a4d1cb74d0341914b8e480be8e820e30,
        type: 3}
      propertyPath: m_Name
      value: Cannon (4)
      objectReference: {fileID: 0}
    - target: {fileID: 4074051655575319289, guid: a4d1cb74d0341914b8e480be8e820e30,
        type: 3}
      propertyPath: m_LocalPosition.x
      value: 2.91
      objectReference: {fileID: 0}
    - target: {fileID: 4074051655575319289, guid: a4d1cb74d0341914b8e480be8e820e30,
        type: 3}
      propertyPath: m_LocalPosition.y
      value: 0.587
      objectReference: {fileID: 0}
    - target: {fileID: 4074051655575319289, guid: a4d1cb74d0341914b8e480be8e820e30,
        type: 3}
      propertyPath: m_LocalPosition.z
      value: 0.42
      objectReference: {fileID: 0}
    - target: {fileID: 4074051655575319289, guid: a4d1cb74d0341914b8e480be8e820e30,
        type: 3}
      propertyPath: m_LocalRotation.x
      value: -0
      objectReference: {fileID: 0}
    - target: {fileID: 4074051655575319289, guid: a4d1cb74d0341914b8e480be8e820e30,
        type: 3}
      propertyPath: m_LocalRotation.y
      value: 0.83041614
      objectReference: {fileID: 0}
    - target: {fileID: 4074051655575319289, guid: a4d1cb74d0341914b8e480be8e820e30,
        type: 3}
      propertyPath: m_LocalRotation.z
      value: -0
      objectReference: {fileID: 0}
    - target: {fileID: 4074051655575319289, guid: a4d1cb74d0341914b8e480be8e820e30,
        type: 3}
      propertyPath: m_LocalRotation.w
      value: -0.5571437
      objectReference: {fileID: 0}
    - target: {fileID: 4074051655575319289, guid: a4d1cb74d0341914b8e480be8e820e30,
        type: 3}
      propertyPath: m_RootOrder
      value: 21
      objectReference: {fileID: 0}
    - target: {fileID: 4074051655575319289, guid: a4d1cb74d0341914b8e480be8e820e30,
        type: 3}
      propertyPath: m_LocalEulerAnglesHint.x
      value: 0
      objectReference: {fileID: 0}
    - target: {fileID: 4074051655575319289, guid: a4d1cb74d0341914b8e480be8e820e30,
        type: 3}
      propertyPath: m_LocalEulerAnglesHint.y
      value: 247.717
      objectReference: {fileID: 0}
    - target: {fileID: 4074051655575319289, guid: a4d1cb74d0341914b8e480be8e820e30,
        type: 3}
      propertyPath: m_LocalEulerAnglesHint.z
      value: 0
      objectReference: {fileID: 0}
    - target: {fileID: 6424596385013822244, guid: a4d1cb74d0341914b8e480be8e820e30,
        type: 3}
      propertyPath: m_LocalRotation.x
      value: 0.000000044703484
      objectReference: {fileID: 0}
    - target: {fileID: 6424596385013822244, guid: a4d1cb74d0341914b8e480be8e820e30,
        type: 3}
      propertyPath: m_LocalRotation.z
      value: 0.35742596
      objectReference: {fileID: 0}
    - target: {fileID: 6424596385013822244, guid: a4d1cb74d0341914b8e480be8e820e30,
        type: 3}
      propertyPath: m_LocalRotation.w
      value: 0.9339415
      objectReference: {fileID: 0}
    - target: {fileID: 6424596385013822244, guid: a4d1cb74d0341914b8e480be8e820e30,
        type: 3}
      propertyPath: m_LocalEulerAnglesHint.z
      value: 41.884003
      objectReference: {fileID: 0}
    - target: {fileID: 6424596385013822244, guid: a4d1cb74d0341914b8e480be8e820e30,
        type: 3}
      propertyPath: m_LocalRotation.y
      value: -0
      objectReference: {fileID: 0}
    m_RemovedComponents: []
  m_SourcePrefab: {fileID: 100100000, guid: a4d1cb74d0341914b8e480be8e820e30, type: 3}
--- !u!1 &790426522
GameObject:
  m_ObjectHideFlags: 0
  m_CorrespondingSourceObject: {fileID: 0}
  m_PrefabInstance: {fileID: 0}
  m_PrefabAsset: {fileID: 0}
  serializedVersion: 6
  m_Component:
  - component: {fileID: 790426526}
  - component: {fileID: 790426525}
  - component: {fileID: 790426524}
  - component: {fileID: 790426523}
  m_Layer: 0
  m_Name: Bord
  m_TagString: Untagged
  m_Icon: {fileID: 0}
  m_NavMeshLayer: 0
  m_StaticEditorFlags: 0
  m_IsActive: 1
--- !u!64 &790426523
MeshCollider:
  m_ObjectHideFlags: 0
  m_CorrespondingSourceObject: {fileID: 0}
  m_PrefabInstance: {fileID: 0}
  m_PrefabAsset: {fileID: 0}
  m_GameObject: {fileID: 790426522}
  m_Material: {fileID: 13400000, guid: c970aee20bd1b5e45a3edc9a321ceb70, type: 2}
  m_IsTrigger: 0
  m_Enabled: 1
  serializedVersion: 3
  m_Convex: 0
  m_CookingOptions: 14
  m_Mesh: {fileID: 10206, guid: 0000000000000000e000000000000000, type: 0}
--- !u!23 &790426524
MeshRenderer:
  m_ObjectHideFlags: 0
  m_CorrespondingSourceObject: {fileID: 0}
  m_PrefabInstance: {fileID: 0}
  m_PrefabAsset: {fileID: 0}
  m_GameObject: {fileID: 790426522}
  m_Enabled: 1
  m_CastShadows: 1
  m_ReceiveShadows: 1
  m_DynamicOccludee: 1
  m_MotionVectors: 1
  m_LightProbeUsage: 1
  m_ReflectionProbeUsage: 1
  m_RenderingLayerMask: 1
  m_RendererPriority: 0
  m_Materials:
  - {fileID: 10303, guid: 0000000000000000f000000000000000, type: 0}
  m_StaticBatchInfo:
    firstSubMesh: 0
    subMeshCount: 0
  m_StaticBatchRoot: {fileID: 0}
  m_ProbeAnchor: {fileID: 0}
  m_LightProbeVolumeOverride: {fileID: 0}
  m_ScaleInLightmap: 1
  m_PreserveUVs: 0
  m_IgnoreNormalsForChartDetection: 0
  m_ImportantGI: 0
  m_StitchLightmapSeams: 0
  m_SelectedEditorRenderState: 3
  m_MinimumChartSize: 4
  m_AutoUVMaxDistance: 0.5
  m_AutoUVMaxAngle: 89
  m_LightmapParameters: {fileID: 0}
  m_SortingLayerID: 0
  m_SortingLayer: 0
  m_SortingOrder: 0
--- !u!33 &790426525
MeshFilter:
  m_ObjectHideFlags: 0
  m_CorrespondingSourceObject: {fileID: 0}
  m_PrefabInstance: {fileID: 0}
  m_PrefabAsset: {fileID: 0}
  m_GameObject: {fileID: 790426522}
  m_Mesh: {fileID: 10206, guid: 0000000000000000e000000000000000, type: 0}
--- !u!4 &790426526
Transform:
  m_ObjectHideFlags: 0
  m_CorrespondingSourceObject: {fileID: 0}
  m_PrefabInstance: {fileID: 0}
  m_PrefabAsset: {fileID: 0}
  m_GameObject: {fileID: 790426522}
  m_LocalRotation: {x: 0, y: 0, z: 0, w: 1}
  m_LocalPosition: {x: 0, y: 1.192, z: 0}
  m_LocalScale: {x: 1, y: 0.040898, z: 1}
  m_Children: []
  m_Father: {fileID: 0}
  m_RootOrder: 3
  m_LocalEulerAnglesHint: {x: 0, y: 0, z: 0}
--- !u!1001 &791613551
PrefabInstance:
  m_ObjectHideFlags: 0
  serializedVersion: 2
  m_Modification:
    m_TransformParent: {fileID: 0}
    m_Modifications:
    - target: {fileID: 3618773244543554768, guid: a4d1cb74d0341914b8e480be8e820e30,
        type: 3}
      propertyPath: m_Name
      value: Cannon (10)
      objectReference: {fileID: 0}
    - target: {fileID: 4074051655575319289, guid: a4d1cb74d0341914b8e480be8e820e30,
        type: 3}
      propertyPath: m_LocalPosition.x
      value: 1.67
      objectReference: {fileID: 0}
    - target: {fileID: 4074051655575319289, guid: a4d1cb74d0341914b8e480be8e820e30,
        type: 3}
      propertyPath: m_LocalPosition.y
      value: 0.587
      objectReference: {fileID: 0}
    - target: {fileID: 4074051655575319289, guid: a4d1cb74d0341914b8e480be8e820e30,
        type: 3}
      propertyPath: m_LocalPosition.z
      value: 2.93
      objectReference: {fileID: 0}
    - target: {fileID: 4074051655575319289, guid: a4d1cb74d0341914b8e480be8e820e30,
        type: 3}
      propertyPath: m_LocalRotation.x
      value: -0
      objectReference: {fileID: 0}
    - target: {fileID: 4074051655575319289, guid: a4d1cb74d0341914b8e480be8e820e30,
        type: 3}
      propertyPath: m_LocalRotation.y
      value: 0.7434811
      objectReference: {fileID: 0}
    - target: {fileID: 4074051655575319289, guid: a4d1cb74d0341914b8e480be8e820e30,
        type: 3}
      propertyPath: m_LocalRotation.z
      value: -0
      objectReference: {fileID: 0}
    - target: {fileID: 4074051655575319289, guid: a4d1cb74d0341914b8e480be8e820e30,
        type: 3}
      propertyPath: m_LocalRotation.w
      value: 0.66875696
      objectReference: {fileID: 0}
    - target: {fileID: 4074051655575319289, guid: a4d1cb74d0341914b8e480be8e820e30,
        type: 3}
      propertyPath: m_RootOrder
      value: 27
      objectReference: {fileID: 0}
    - target: {fileID: 4074051655575319289, guid: a4d1cb74d0341914b8e480be8e820e30,
        type: 3}
      propertyPath: m_LocalEulerAnglesHint.x
      value: 0
      objectReference: {fileID: 0}
    - target: {fileID: 4074051655575319289, guid: a4d1cb74d0341914b8e480be8e820e30,
        type: 3}
      propertyPath: m_LocalEulerAnglesHint.y
      value: 96.05801
      objectReference: {fileID: 0}
    - target: {fileID: 4074051655575319289, guid: a4d1cb74d0341914b8e480be8e820e30,
        type: 3}
      propertyPath: m_LocalEulerAnglesHint.z
      value: 0
      objectReference: {fileID: 0}
    m_RemovedComponents: []
  m_SourcePrefab: {fileID: 100100000, guid: a4d1cb74d0341914b8e480be8e820e30, type: 3}
--- !u!1 &1191047024
GameObject:
  m_ObjectHideFlags: 0
  m_CorrespondingSourceObject: {fileID: 0}
  m_PrefabInstance: {fileID: 0}
  m_PrefabAsset: {fileID: 0}
  serializedVersion: 6
  m_Component:
  - component: {fileID: 1191047028}
  - component: {fileID: 1191047027}
  - component: {fileID: 1191047026}
  - component: {fileID: 1191047025}
  m_Layer: 0
  m_Name: Floor
  m_TagString: Untagged
  m_Icon: {fileID: 0}
  m_NavMeshLayer: 0
  m_StaticEditorFlags: 0
  m_IsActive: 1
--- !u!65 &1191047025
BoxCollider:
  m_ObjectHideFlags: 0
  m_CorrespondingSourceObject: {fileID: 0}
  m_PrefabInstance: {fileID: 0}
  m_PrefabAsset: {fileID: 0}
  m_GameObject: {fileID: 1191047024}
  m_Material: {fileID: 0}
  m_IsTrigger: 0
  m_Enabled: 1
  serializedVersion: 2
  m_Size: {x: 1, y: 1, z: 1}
  m_Center: {x: 0, y: 0, z: 0}
--- !u!23 &1191047026
MeshRenderer:
  m_ObjectHideFlags: 0
  m_CorrespondingSourceObject: {fileID: 0}
  m_PrefabInstance: {fileID: 0}
  m_PrefabAsset: {fileID: 0}
  m_GameObject: {fileID: 1191047024}
  m_Enabled: 1
  m_CastShadows: 1
  m_ReceiveShadows: 1
  m_DynamicOccludee: 1
  m_MotionVectors: 1
  m_LightProbeUsage: 1
  m_ReflectionProbeUsage: 1
  m_RenderingLayerMask: 1
  m_RendererPriority: 0
  m_Materials:
  - {fileID: 10303, guid: 0000000000000000f000000000000000, type: 0}
  m_StaticBatchInfo:
    firstSubMesh: 0
    subMeshCount: 0
  m_StaticBatchRoot: {fileID: 0}
  m_ProbeAnchor: {fileID: 0}
  m_LightProbeVolumeOverride: {fileID: 0}
  m_ScaleInLightmap: 1
  m_PreserveUVs: 0
  m_IgnoreNormalsForChartDetection: 0
  m_ImportantGI: 0
  m_StitchLightmapSeams: 0
  m_SelectedEditorRenderState: 3
  m_MinimumChartSize: 4
  m_AutoUVMaxDistance: 0.5
  m_AutoUVMaxAngle: 89
  m_LightmapParameters: {fileID: 0}
  m_SortingLayerID: 0
  m_SortingLayer: 0
  m_SortingOrder: 0
--- !u!33 &1191047027
MeshFilter:
  m_ObjectHideFlags: 0
  m_CorrespondingSourceObject: {fileID: 0}
  m_PrefabInstance: {fileID: 0}
  m_PrefabAsset: {fileID: 0}
  m_GameObject: {fileID: 1191047024}
  m_Mesh: {fileID: 10202, guid: 0000000000000000e000000000000000, type: 0}
--- !u!4 &1191047028
Transform:
  m_ObjectHideFlags: 0
  m_CorrespondingSourceObject: {fileID: 0}
  m_PrefabInstance: {fileID: 0}
  m_PrefabAsset: {fileID: 0}
  m_GameObject: {fileID: 1191047024}
  m_LocalRotation: {x: 0, y: 0, z: 0, w: 1}
  m_LocalPosition: {x: 0, y: 0, z: 0}
  m_LocalScale: {x: 10, y: 1, z: 10}
  m_Children: []
  m_Father: {fileID: 0}
  m_RootOrder: 2
  m_LocalEulerAnglesHint: {x: 0, y: 0, z: 0}
--- !u!1 &1207459879
GameObject:
  m_ObjectHideFlags: 0
  m_CorrespondingSourceObject: {fileID: 0}
  m_PrefabInstance: {fileID: 0}
  m_PrefabAsset: {fileID: 0}
  serializedVersion: 6
  m_Component:
  - component: {fileID: 1207459881}
  - component: {fileID: 1207459880}
  m_Layer: 0
  m_Name: Directional Light
  m_TagString: Untagged
  m_Icon: {fileID: 0}
  m_NavMeshLayer: 0
  m_StaticEditorFlags: 0
  m_IsActive: 1
--- !u!108 &1207459880
Light:
  m_ObjectHideFlags: 0
  m_CorrespondingSourceObject: {fileID: 0}
  m_PrefabInstance: {fileID: 0}
  m_PrefabAsset: {fileID: 0}
  m_GameObject: {fileID: 1207459879}
  m_Enabled: 1
  serializedVersion: 8
  m_Type: 1
  m_Color: {r: 1, g: 0.95686275, b: 0.8392157, a: 1}
  m_Intensity: 1
  m_Range: 10
  m_SpotAngle: 30
  m_CookieSize: 10
  m_Shadows:
    m_Type: 2
    m_Resolution: -1
    m_CustomResolution: -1
    m_Strength: 1
    m_Bias: 0.05
    m_NormalBias: 0.4
    m_NearPlane: 0.2
  m_Cookie: {fileID: 0}
  m_DrawHalo: 0
  m_Flare: {fileID: 0}
  m_RenderMode: 0
  m_CullingMask:
    serializedVersion: 2
    m_Bits: 4294967295
  m_Lightmapping: 4
  m_LightShadowCasterMode: 0
  m_AreaSize: {x: 1, y: 1}
  m_BounceIntensity: 1
  m_ColorTemperature: 6570
  m_UseColorTemperature: 0
  m_ShadowRadius: 0
  m_ShadowAngle: 0
--- !u!4 &1207459881
Transform:
  m_ObjectHideFlags: 0
  m_CorrespondingSourceObject: {fileID: 0}
  m_PrefabInstance: {fileID: 0}
  m_PrefabAsset: {fileID: 0}
  m_GameObject: {fileID: 1207459879}
  m_LocalRotation: {x: 0.35731778, y: 0.48396626, z: -0.22567722, w: 0.7662705}
  m_LocalPosition: {x: 0, y: 3, z: 0}
  m_LocalScale: {x: 1, y: 1, z: 1}
  m_Children: []
  m_Father: {fileID: 0}
  m_RootOrder: 1
  m_LocalEulerAnglesHint: {x: 50.000004, y: 64.552, z: 0}
--- !u!1001 &1246635790
PrefabInstance:
  m_ObjectHideFlags: 0
  serializedVersion: 2
  m_Modification:
    m_TransformParent: {fileID: 0}
    m_Modifications:
    - target: {fileID: 4763033967639329258, guid: 8422157b2c32ef548a1d8392d7ee599d,
        type: 3}
      propertyPath: m_Name
      value: Managers
      objectReference: {fileID: 0}
    - target: {fileID: 4763033967639329257, guid: 8422157b2c32ef548a1d8392d7ee599d,
        type: 3}
      propertyPath: m_LocalPosition.x
      value: 5.19
      objectReference: {fileID: 0}
    - target: {fileID: 4763033967639329257, guid: 8422157b2c32ef548a1d8392d7ee599d,
        type: 3}
      propertyPath: m_LocalPosition.y
      value: 7.49
      objectReference: {fileID: 0}
    - target: {fileID: 4763033967639329257, guid: 8422157b2c32ef548a1d8392d7ee599d,
        type: 3}
      propertyPath: m_LocalPosition.z
      value: 6.12
      objectReference: {fileID: 0}
    - target: {fileID: 4763033967639329257, guid: 8422157b2c32ef548a1d8392d7ee599d,
        type: 3}
      propertyPath: m_LocalRotation.x
      value: -0.2588186
      objectReference: {fileID: 0}
    - target: {fileID: 4763033967639329257, guid: 8422157b2c32ef548a1d8392d7ee599d,
        type: 3}
      propertyPath: m_LocalRotation.y
      value: -0
      objectReference: {fileID: 0}
    - target: {fileID: 4763033967639329257, guid: 8422157b2c32ef548a1d8392d7ee599d,
        type: 3}
      propertyPath: m_LocalRotation.z
      value: -0
      objectReference: {fileID: 0}
    - target: {fileID: 4763033967639329257, guid: 8422157b2c32ef548a1d8392d7ee599d,
        type: 3}
      propertyPath: m_LocalRotation.w
      value: 0.965926
      objectReference: {fileID: 0}
    - target: {fileID: 4763033967639329257, guid: 8422157b2c32ef548a1d8392d7ee599d,
        type: 3}
      propertyPath: m_RootOrder
      value: 11
      objectReference: {fileID: 0}
    - target: {fileID: 4763033967639329257, guid: 8422157b2c32ef548a1d8392d7ee599d,
        type: 3}
      propertyPath: m_LocalEulerAnglesHint.x
      value: -30.000002
      objectReference: {fileID: 0}
    - target: {fileID: 4763033967639329257, guid: 8422157b2c32ef548a1d8392d7ee599d,
        type: 3}
      propertyPath: m_LocalEulerAnglesHint.y
      value: 0
      objectReference: {fileID: 0}
    - target: {fileID: 4763033967639329257, guid: 8422157b2c32ef548a1d8392d7ee599d,
        type: 3}
      propertyPath: m_LocalEulerAnglesHint.z
      value: 0
      objectReference: {fileID: 0}
    - target: {fileID: 4763033967385832349, guid: 8422157b2c32ef548a1d8392d7ee599d,
        type: 3}
      propertyPath: m_Mesh
      value: 
      objectReference: {fileID: 0}
    - target: {fileID: 4763033967385832351, guid: 8422157b2c32ef548a1d8392d7ee599d,
        type: 3}
      propertyPath: m_havePropertiesChanged
      value: 1
      objectReference: {fileID: 0}
    - target: {fileID: 4763033967385832351, guid: 8422157b2c32ef548a1d8392d7ee599d,
        type: 3}
      propertyPath: m_isInputParsingRequired
      value: 1
      objectReference: {fileID: 0}
    m_RemovedComponents: []
  m_SourcePrefab: {fileID: 100100000, guid: 8422157b2c32ef548a1d8392d7ee599d, type: 3}
--- !u!1001 &1254668946
PrefabInstance:
  m_ObjectHideFlags: 0
  serializedVersion: 2
  m_Modification:
    m_TransformParent: {fileID: 0}
    m_Modifications:
    - target: {fileID: 3618773244543554768, guid: a4d1cb74d0341914b8e480be8e820e30,
        type: 3}
      propertyPath: m_Name
      value: Cannon (8)
      objectReference: {fileID: 0}
    - target: {fileID: 4074051655575319289, guid: a4d1cb74d0341914b8e480be8e820e30,
        type: 3}
      propertyPath: m_LocalPosition.x
      value: 1.67
      objectReference: {fileID: 0}
    - target: {fileID: 4074051655575319289, guid: a4d1cb74d0341914b8e480be8e820e30,
        type: 3}
      propertyPath: m_LocalPosition.y
      value: 0.587
      objectReference: {fileID: 0}
    - target: {fileID: 4074051655575319289, guid: a4d1cb74d0341914b8e480be8e820e30,
        type: 3}
      propertyPath: m_LocalPosition.z
      value: 0.52
      objectReference: {fileID: 0}
    - target: {fileID: 4074051655575319289, guid: a4d1cb74d0341914b8e480be8e820e30,
        type: 3}
      propertyPath: m_LocalRotation.x
      value: -0
      objectReference: {fileID: 0}
    - target: {fileID: 4074051655575319289, guid: a4d1cb74d0341914b8e480be8e820e30,
        type: 3}
      propertyPath: m_LocalRotation.y
      value: 0.7434811
      objectReference: {fileID: 0}
    - target: {fileID: 4074051655575319289, guid: a4d1cb74d0341914b8e480be8e820e30,
        type: 3}
      propertyPath: m_LocalRotation.z
      value: -0
      objectReference: {fileID: 0}
    - target: {fileID: 4074051655575319289, guid: a4d1cb74d0341914b8e480be8e820e30,
        type: 3}
      propertyPath: m_LocalRotation.w
      value: 0.66875696
      objectReference: {fileID: 0}
    - target: {fileID: 4074051655575319289, guid: a4d1cb74d0341914b8e480be8e820e30,
        type: 3}
      propertyPath: m_RootOrder
      value: 25
      objectReference: {fileID: 0}
    - target: {fileID: 4074051655575319289, guid: a4d1cb74d0341914b8e480be8e820e30,
        type: 3}
      propertyPath: m_LocalEulerAnglesHint.x
      value: 0
      objectReference: {fileID: 0}
    - target: {fileID: 4074051655575319289, guid: a4d1cb74d0341914b8e480be8e820e30,
        type: 3}
      propertyPath: m_LocalEulerAnglesHint.y
      value: 96.05801
      objectReference: {fileID: 0}
    - target: {fileID: 4074051655575319289, guid: a4d1cb74d0341914b8e480be8e820e30,
        type: 3}
      propertyPath: m_LocalEulerAnglesHint.z
      value: 0
      objectReference: {fileID: 0}
    m_RemovedComponents: []
  m_SourcePrefab: {fileID: 100100000, guid: a4d1cb74d0341914b8e480be8e820e30, type: 3}
--- !u!1 &1619212633
GameObject:
  m_ObjectHideFlags: 0
  m_CorrespondingSourceObject: {fileID: 0}
  m_PrefabInstance: {fileID: 0}
  m_PrefabAsset: {fileID: 0}
  serializedVersion: 6
  m_Component:
  - component: {fileID: 1619212636}
  - component: {fileID: 1619212635}
  - component: {fileID: 1619212634}
  m_Layer: 0
  m_Name: Main Camera
  m_TagString: MainCamera
  m_Icon: {fileID: 0}
  m_NavMeshLayer: 0
  m_StaticEditorFlags: 0
  m_IsActive: 1
--- !u!81 &1619212634
AudioListener:
  m_ObjectHideFlags: 0
  m_CorrespondingSourceObject: {fileID: 0}
  m_PrefabInstance: {fileID: 0}
  m_PrefabAsset: {fileID: 0}
  m_GameObject: {fileID: 1619212633}
  m_Enabled: 1
--- !u!20 &1619212635
Camera:
  m_ObjectHideFlags: 0
  m_CorrespondingSourceObject: {fileID: 0}
  m_PrefabInstance: {fileID: 0}
  m_PrefabAsset: {fileID: 0}
  m_GameObject: {fileID: 1619212633}
  m_Enabled: 1
  serializedVersion: 2
  m_ClearFlags: 1
  m_BackGroundColor: {r: 0.19215687, g: 0.3019608, b: 0.4745098, a: 0}
  m_projectionMatrixMode: 1
  m_SensorSize: {x: 36, y: 24}
  m_LensShift: {x: 0, y: 0}
  m_GateFitMode: 2
  m_FocalLength: 50
  m_NormalizedViewPortRect:
    serializedVersion: 2
    x: 0
    y: 0
    width: 1
    height: 1
  near clip plane: 0.3
  far clip plane: 1000
  field of view: 60
  orthographic: 0
  orthographic size: 5
  m_Depth: -1
  m_CullingMask:
    serializedVersion: 2
    m_Bits: 4294967295
  m_RenderingPath: -1
  m_TargetTexture: {fileID: 0}
  m_TargetDisplay: 0
  m_TargetEye: 3
  m_HDR: 1
  m_AllowMSAA: 1
  m_AllowDynamicResolution: 0
  m_ForceIntoRT: 0
  m_OcclusionCulling: 1
  m_StereoConvergence: 10
  m_StereoSeparation: 0.022
--- !u!4 &1619212636
Transform:
  m_ObjectHideFlags: 0
  m_CorrespondingSourceObject: {fileID: 0}
  m_PrefabInstance: {fileID: 0}
  m_PrefabAsset: {fileID: 0}
  m_GameObject: {fileID: 1619212633}
  m_LocalRotation: {x: 0.113901645, y: 0.8859099, z: -0.3275123, w: 0.30810016}
  m_LocalPosition: {x: -2.25, y: 3.55, z: 2.34}
  m_LocalScale: {x: 1, y: 1, z: 1}
  m_Children: []
  m_Father: {fileID: 0}
  m_RootOrder: 0
  m_LocalEulerAnglesHint: {x: 40.578003, y: 141.647, z: 0}
--- !u!1001 &1779237740
PrefabInstance:
  m_ObjectHideFlags: 0
  serializedVersion: 2
  m_Modification:
    m_TransformParent: {fileID: 0}
    m_Modifications:
    - target: {fileID: 3618773244543554768, guid: a4d1cb74d0341914b8e480be8e820e30,
        type: 3}
      propertyPath: m_Name
      value: Cannon (2)
      objectReference: {fileID: 0}
    - target: {fileID: 4074051655575319289, guid: a4d1cb74d0341914b8e480be8e820e30,
        type: 3}
      propertyPath: m_LocalPosition.x
      value: -2.291
      objectReference: {fileID: 0}
    - target: {fileID: 4074051655575319289, guid: a4d1cb74d0341914b8e480be8e820e30,
        type: 3}
      propertyPath: m_LocalPosition.y
      value: 1.386
      objectReference: {fileID: 0}
    - target: {fileID: 4074051655575319289, guid: a4d1cb74d0341914b8e480be8e820e30,
        type: 3}
      propertyPath: m_LocalPosition.z
      value: 0.785
      objectReference: {fileID: 0}
    - target: {fileID: 4074051655575319289, guid: a4d1cb74d0341914b8e480be8e820e30,
        type: 3}
      propertyPath: m_LocalRotation.x
      value: -0
      objectReference: {fileID: 0}
    - target: {fileID: 4074051655575319289, guid: a4d1cb74d0341914b8e480be8e820e30,
        type: 3}
      propertyPath: m_LocalRotation.y
      value: -0.17197883
      objectReference: {fileID: 0}
    - target: {fileID: 4074051655575319289, guid: a4d1cb74d0341914b8e480be8e820e30,
        type: 3}
      propertyPath: m_LocalRotation.z
      value: -0
      objectReference: {fileID: 0}
    - target: {fileID: 4074051655575319289, guid: a4d1cb74d0341914b8e480be8e820e30,
        type: 3}
      propertyPath: m_LocalRotation.w
      value: -0.9851006
      objectReference: {fileID: 0}
    - target: {fileID: 4074051655575319289, guid: a4d1cb74d0341914b8e480be8e820e30,
        type: 3}
      propertyPath: m_RootOrder
      value: 14
      objectReference: {fileID: 0}
    - target: {fileID: 4074051655575319289, guid: a4d1cb74d0341914b8e480be8e820e30,
        type: 3}
      propertyPath: m_LocalEulerAnglesHint.x
      value: 0
      objectReference: {fileID: 0}
    - target: {fileID: 4074051655575319289, guid: a4d1cb74d0341914b8e480be8e820e30,
        type: 3}
      propertyPath: m_LocalEulerAnglesHint.y
      value: 379.806
      objectReference: {fileID: 0}
    - target: {fileID: 4074051655575319289, guid: a4d1cb74d0341914b8e480be8e820e30,
        type: 3}
      propertyPath: m_LocalEulerAnglesHint.z
      value: 0
      objectReference: {fileID: 0}
    - target: {fileID: 5645819330478122379, guid: a4d1cb74d0341914b8e480be8e820e30,
        type: 3}
      propertyPath: power
      value: 5.38
      objectReference: {fileID: 0}
    - target: {fileID: 6424596385013822244, guid: a4d1cb74d0341914b8e480be8e820e30,
        type: 3}
      propertyPath: m_LocalRotation.x
      value: 0.000000044703484
      objectReference: {fileID: 0}
    - target: {fileID: 6424596385013822244, guid: a4d1cb74d0341914b8e480be8e820e30,
        type: 3}
      propertyPath: m_LocalRotation.z
      value: 0.35742596
      objectReference: {fileID: 0}
    - target: {fileID: 6424596385013822244, guid: a4d1cb74d0341914b8e480be8e820e30,
        type: 3}
      propertyPath: m_LocalRotation.w
      value: 0.9339415
      objectReference: {fileID: 0}
    - target: {fileID: 6424596385013822244, guid: a4d1cb74d0341914b8e480be8e820e30,
        type: 3}
      propertyPath: m_LocalEulerAnglesHint.z
      value: 41.884003
      objectReference: {fileID: 0}
    - target: {fileID: 6424596385013822244, guid: a4d1cb74d0341914b8e480be8e820e30,
        type: 3}
      propertyPath: m_LocalRotation.y
      value: -0
      objectReference: {fileID: 0}
    m_RemovedComponents: []
  m_SourcePrefab: {fileID: 100100000, guid: a4d1cb74d0341914b8e480be8e820e30, type: 3}
--- !u!1001 &1798462808
PrefabInstance:
  m_ObjectHideFlags: 0
  serializedVersion: 2
  m_Modification:
    m_TransformParent: {fileID: 0}
    m_Modifications:
    - target: {fileID: 3618773244543554768, guid: a4d1cb74d0341914b8e480be8e820e30,
        type: 3}
      propertyPath: m_Name
      value: Cannon (5)
      objectReference: {fileID: 0}
    - target: {fileID: 4074051655575319289, guid: a4d1cb74d0341914b8e480be8e820e30,
        type: 3}
      propertyPath: m_LocalPosition.x
      value: 0.99
      objectReference: {fileID: 0}
    - target: {fileID: 4074051655575319289, guid: a4d1cb74d0341914b8e480be8e820e30,
        type: 3}
      propertyPath: m_LocalPosition.y
      value: 0.587
      objectReference: {fileID: 0}
    - target: {fileID: 4074051655575319289, guid: a4d1cb74d0341914b8e480be8e820e30,
        type: 3}
      propertyPath: m_LocalPosition.z
      value: 3.56
      objectReference: {fileID: 0}
    - target: {fileID: 4074051655575319289, guid: a4d1cb74d0341914b8e480be8e820e30,
        type: 3}
      propertyPath: m_LocalRotation.x
      value: -0
      objectReference: {fileID: 0}
    - target: {fileID: 4074051655575319289, guid: a4d1cb74d0341914b8e480be8e820e30,
        type: 3}
      propertyPath: m_LocalRotation.y
      value: 0.83041614
      objectReference: {fileID: 0}
    - target: {fileID: 4074051655575319289, guid: a4d1cb74d0341914b8e480be8e820e30,
        type: 3}
      propertyPath: m_LocalRotation.z
      value: -0
      objectReference: {fileID: 0}
    - target: {fileID: 4074051655575319289, guid: a4d1cb74d0341914b8e480be8e820e30,
        type: 3}
      propertyPath: m_LocalRotation.w
      value: -0.5571437
      objectReference: {fileID: 0}
    - target: {fileID: 4074051655575319289, guid: a4d1cb74d0341914b8e480be8e820e30,
        type: 3}
      propertyPath: m_RootOrder
      value: 22
      objectReference: {fileID: 0}
    - target: {fileID: 4074051655575319289, guid: a4d1cb74d0341914b8e480be8e820e30,
        type: 3}
      propertyPath: m_LocalEulerAnglesHint.x
      value: 0
      objectReference: {fileID: 0}
    - target: {fileID: 4074051655575319289, guid: a4d1cb74d0341914b8e480be8e820e30,
        type: 3}
      propertyPath: m_LocalEulerAnglesHint.y
      value: 247.717
      objectReference: {fileID: 0}
    - target: {fileID: 4074051655575319289, guid: a4d1cb74d0341914b8e480be8e820e30,
        type: 3}
      propertyPath: m_LocalEulerAnglesHint.z
      value: 0
      objectReference: {fileID: 0}
    - target: {fileID: 6424596385013822244, guid: a4d1cb74d0341914b8e480be8e820e30,
        type: 3}
      propertyPath: m_LocalRotation.x
      value: 0.000000044703484
      objectReference: {fileID: 0}
    - target: {fileID: 6424596385013822244, guid: a4d1cb74d0341914b8e480be8e820e30,
        type: 3}
      propertyPath: m_LocalRotation.z
      value: 0.35742596
      objectReference: {fileID: 0}
    - target: {fileID: 6424596385013822244, guid: a4d1cb74d0341914b8e480be8e820e30,
        type: 3}
      propertyPath: m_LocalRotation.w
      value: 0.9339415
      objectReference: {fileID: 0}
    - target: {fileID: 6424596385013822244, guid: a4d1cb74d0341914b8e480be8e820e30,
        type: 3}
      propertyPath: m_LocalEulerAnglesHint.z
      value: 41.884003
      objectReference: {fileID: 0}
    - target: {fileID: 6424596385013822244, guid: a4d1cb74d0341914b8e480be8e820e30,
        type: 3}
      propertyPath: m_LocalRotation.y
      value: -0
      objectReference: {fileID: 0}
    m_RemovedComponents: []
  m_SourcePrefab: {fileID: 100100000, guid: a4d1cb74d0341914b8e480be8e820e30, type: 3}
--- !u!1 &1886026442
GameObject:
  m_ObjectHideFlags: 0
  m_CorrespondingSourceObject: {fileID: 0}
  m_PrefabInstance: {fileID: 0}
  m_PrefabAsset: {fileID: 0}
  serializedVersion: 6
  m_Component:
  - component: {fileID: 1886026446}
  - component: {fileID: 1886026445}
  - component: {fileID: 1886026444}
  - component: {fileID: 1886026443}
  m_Layer: 0
  m_Name: Bord (1)
  m_TagString: Untagged
  m_Icon: {fileID: 0}
  m_NavMeshLayer: 0
  m_StaticEditorFlags: 0
  m_IsActive: 1
--- !u!64 &1886026443
MeshCollider:
  m_ObjectHideFlags: 0
  m_CorrespondingSourceObject: {fileID: 0}
  m_PrefabInstance: {fileID: 0}
  m_PrefabAsset: {fileID: 0}
  m_GameObject: {fileID: 1886026442}
  m_Material: {fileID: 13400000, guid: c970aee20bd1b5e45a3edc9a321ceb70, type: 2}
  m_IsTrigger: 0
  m_Enabled: 1
  serializedVersion: 3
  m_Convex: 0
  m_CookingOptions: 14
  m_Mesh: {fileID: 10206, guid: 0000000000000000e000000000000000, type: 0}
--- !u!23 &1886026444
MeshRenderer:
  m_ObjectHideFlags: 0
  m_CorrespondingSourceObject: {fileID: 0}
  m_PrefabInstance: {fileID: 0}
  m_PrefabAsset: {fileID: 0}
  m_GameObject: {fileID: 1886026442}
  m_Enabled: 1
  m_CastShadows: 1
  m_ReceiveShadows: 1
  m_DynamicOccludee: 1
  m_MotionVectors: 1
  m_LightProbeUsage: 1
  m_ReflectionProbeUsage: 1
  m_RenderingLayerMask: 1
  m_RendererPriority: 0
  m_Materials:
  - {fileID: 10303, guid: 0000000000000000f000000000000000, type: 0}
  m_StaticBatchInfo:
    firstSubMesh: 0
    subMeshCount: 0
  m_StaticBatchRoot: {fileID: 0}
  m_ProbeAnchor: {fileID: 0}
  m_LightProbeVolumeOverride: {fileID: 0}
  m_ScaleInLightmap: 1
  m_PreserveUVs: 0
  m_IgnoreNormalsForChartDetection: 0
  m_ImportantGI: 0
  m_StitchLightmapSeams: 0
  m_SelectedEditorRenderState: 3
  m_MinimumChartSize: 4
  m_AutoUVMaxDistance: 0.5
  m_AutoUVMaxAngle: 89
  m_LightmapParameters: {fileID: 0}
  m_SortingLayerID: 0
  m_SortingLayer: 0
  m_SortingOrder: 0
--- !u!33 &1886026445
MeshFilter:
  m_ObjectHideFlags: 0
  m_CorrespondingSourceObject: {fileID: 0}
  m_PrefabInstance: {fileID: 0}
  m_PrefabAsset: {fileID: 0}
  m_GameObject: {fileID: 1886026442}
  m_Mesh: {fileID: 10206, guid: 0000000000000000e000000000000000, type: 0}
--- !u!4 &1886026446
Transform:
  m_ObjectHideFlags: 0
  m_CorrespondingSourceObject: {fileID: 0}
  m_PrefabInstance: {fileID: 0}
  m_PrefabAsset: {fileID: 0}
  m_GameObject: {fileID: 1886026442}
  m_LocalRotation: {x: 0, y: 0, z: 0, w: 1}
  m_LocalPosition: {x: 0, y: 1.192, z: 0}
  m_LocalScale: {x: 1, y: 0.040898, z: 1}
  m_Children: []
  m_Father: {fileID: 0}
  m_RootOrder: 7
  m_LocalEulerAnglesHint: {x: 0, y: 0, z: 0}
--- !u!1001 &1905216124
PrefabInstance:
  m_ObjectHideFlags: 0
  serializedVersion: 2
  m_Modification:
    m_TransformParent: {fileID: 0}
    m_Modifications:
    - target: {fileID: 3618773244543554768, guid: a4d1cb74d0341914b8e480be8e820e30,
        type: 3}
      propertyPath: m_Name
      value: Cannon (1)
      objectReference: {fileID: 0}
    - target: {fileID: 4074051655575319289, guid: a4d1cb74d0341914b8e480be8e820e30,
        type: 3}
      propertyPath: m_LocalPosition.x
      value: -1.084
      objectReference: {fileID: 0}
    - target: {fileID: 4074051655575319289, guid: a4d1cb74d0341914b8e480be8e820e30,
        type: 3}
      propertyPath: m_LocalPosition.y
      value: 0.587
      objectReference: {fileID: 0}
    - target: {fileID: 4074051655575319289, guid: a4d1cb74d0341914b8e480be8e820e30,
        type: 3}
      propertyPath: m_LocalPosition.z
      value: -2.147
      objectReference: {fileID: 0}
    - target: {fileID: 4074051655575319289, guid: a4d1cb74d0341914b8e480be8e820e30,
        type: 3}
      propertyPath: m_LocalRotation.x
      value: -0
      objectReference: {fileID: 0}
    - target: {fileID: 4074051655575319289, guid: a4d1cb74d0341914b8e480be8e820e30,
        type: 3}
      propertyPath: m_LocalRotation.y
      value: 0.83041614
      objectReference: {fileID: 0}
    - target: {fileID: 4074051655575319289, guid: a4d1cb74d0341914b8e480be8e820e30,
        type: 3}
      propertyPath: m_LocalRotation.z
      value: -0
      objectReference: {fileID: 0}
    - target: {fileID: 4074051655575319289, guid: a4d1cb74d0341914b8e480be8e820e30,
        type: 3}
      propertyPath: m_LocalRotation.w
      value: -0.5571437
      objectReference: {fileID: 0}
    - target: {fileID: 4074051655575319289, guid: a4d1cb74d0341914b8e480be8e820e30,
        type: 3}
      propertyPath: m_RootOrder
      value: 13
      objectReference: {fileID: 0}
    - target: {fileID: 4074051655575319289, guid: a4d1cb74d0341914b8e480be8e820e30,
        type: 3}
      propertyPath: m_LocalEulerAnglesHint.x
      value: 0
      objectReference: {fileID: 0}
    - target: {fileID: 4074051655575319289, guid: a4d1cb74d0341914b8e480be8e820e30,
        type: 3}
      propertyPath: m_LocalEulerAnglesHint.y
      value: 247.717
      objectReference: {fileID: 0}
    - target: {fileID: 4074051655575319289, guid: a4d1cb74d0341914b8e480be8e820e30,
        type: 3}
      propertyPath: m_LocalEulerAnglesHint.z
      value: 0
      objectReference: {fileID: 0}
    - target: {fileID: 6424596385013822244, guid: a4d1cb74d0341914b8e480be8e820e30,
        type: 3}
      propertyPath: m_LocalRotation.x
      value: 0.000000044703484
      objectReference: {fileID: 0}
    - target: {fileID: 6424596385013822244, guid: a4d1cb74d0341914b8e480be8e820e30,
        type: 3}
      propertyPath: m_LocalRotation.z
      value: 0.35742596
      objectReference: {fileID: 0}
    - target: {fileID: 6424596385013822244, guid: a4d1cb74d0341914b8e480be8e820e30,
        type: 3}
      propertyPath: m_LocalRotation.w
      value: 0.9339415
      objectReference: {fileID: 0}
    - target: {fileID: 6424596385013822244, guid: a4d1cb74d0341914b8e480be8e820e30,
        type: 3}
      propertyPath: m_LocalEulerAnglesHint.z
      value: 41.884003
      objectReference: {fileID: 0}
    - target: {fileID: 6424596385013822244, guid: a4d1cb74d0341914b8e480be8e820e30,
        type: 3}
      propertyPath: m_LocalRotation.y
      value: -0
      objectReference: {fileID: 0}
    m_RemovedComponents: []
  m_SourcePrefab: {fileID: 100100000, guid: a4d1cb74d0341914b8e480be8e820e30, type: 3}
--- !u!1001 &2010111032
PrefabInstance:
  m_ObjectHideFlags: 0
  serializedVersion: 2
  m_Modification:
    m_TransformParent: {fileID: 0}
    m_Modifications:
    - target: {fileID: 3618773244543554768, guid: a4d1cb74d0341914b8e480be8e820e30,
        type: 3}
      propertyPath: m_Name
      value: Cannon (3)
      objectReference: {fileID: 0}
    - target: {fileID: 4074051655575319289, guid: a4d1cb74d0341914b8e480be8e820e30,
        type: 3}
      propertyPath: m_LocalPosition.x
      value: 1.08
      objectReference: {fileID: 0}
    - target: {fileID: 4074051655575319289, guid: a4d1cb74d0341914b8e480be8e820e30,
        type: 3}
      propertyPath: m_LocalPosition.y
      value: 0.587
      objectReference: {fileID: 0}
    - target: {fileID: 4074051655575319289, guid: a4d1cb74d0341914b8e480be8e820e30,
        type: 3}
      propertyPath: m_LocalPosition.z
      value: -2.57
      objectReference: {fileID: 0}
    - target: {fileID: 4074051655575319289, guid: a4d1cb74d0341914b8e480be8e820e30,
        type: 3}
      propertyPath: m_LocalRotation.x
      value: -0
      objectReference: {fileID: 0}
    - target: {fileID: 4074051655575319289, guid: a4d1cb74d0341914b8e480be8e820e30,
        type: 3}
      propertyPath: m_LocalRotation.y
      value: 0.83041614
      objectReference: {fileID: 0}
    - target: {fileID: 4074051655575319289, guid: a4d1cb74d0341914b8e480be8e820e30,
        type: 3}
      propertyPath: m_LocalRotation.z
      value: -0
      objectReference: {fileID: 0}
    - target: {fileID: 4074051655575319289, guid: a4d1cb74d0341914b8e480be8e820e30,
        type: 3}
      propertyPath: m_LocalRotation.w
      value: -0.5571437
      objectReference: {fileID: 0}
    - target: {fileID: 4074051655575319289, guid: a4d1cb74d0341914b8e480be8e820e30,
        type: 3}
      propertyPath: m_RootOrder
      value: 20
      objectReference: {fileID: 0}
    - target: {fileID: 4074051655575319289, guid: a4d1cb74d0341914b8e480be8e820e30,
        type: 3}
      propertyPath: m_LocalEulerAnglesHint.x
      value: 0
      objectReference: {fileID: 0}
    - target: {fileID: 4074051655575319289, guid: a4d1cb74d0341914b8e480be8e820e30,
        type: 3}
      propertyPath: m_LocalEulerAnglesHint.y
      value: 247.717
      objectReference: {fileID: 0}
    - target: {fileID: 4074051655575319289, guid: a4d1cb74d0341914b8e480be8e820e30,
        type: 3}
      propertyPath: m_LocalEulerAnglesHint.z
      value: 0
      objectReference: {fileID: 0}
    - target: {fileID: 6424596385013822244, guid: a4d1cb74d0341914b8e480be8e820e30,
        type: 3}
      propertyPath: m_LocalRotation.x
      value: 0.000000044703484
      objectReference: {fileID: 0}
    - target: {fileID: 6424596385013822244, guid: a4d1cb74d0341914b8e480be8e820e30,
        type: 3}
      propertyPath: m_LocalRotation.z
      value: 0.35742596
      objectReference: {fileID: 0}
    - target: {fileID: 6424596385013822244, guid: a4d1cb74d0341914b8e480be8e820e30,
        type: 3}
      propertyPath: m_LocalRotation.w
      value: 0.9339415
      objectReference: {fileID: 0}
    - target: {fileID: 6424596385013822244, guid: a4d1cb74d0341914b8e480be8e820e30,
        type: 3}
      propertyPath: m_LocalEulerAnglesHint.z
      value: 41.884003
      objectReference: {fileID: 0}
    - target: {fileID: 6424596385013822244, guid: a4d1cb74d0341914b8e480be8e820e30,
        type: 3}
      propertyPath: m_LocalRotation.y
      value: -0
      objectReference: {fileID: 0}
    m_RemovedComponents: []
  m_SourcePrefab: {fileID: 100100000, guid: a4d1cb74d0341914b8e480be8e820e30, type: 3}
--- !u!1001 &2012571917
PrefabInstance:
  m_ObjectHideFlags: 0
  serializedVersion: 2
  m_Modification:
    m_TransformParent: {fileID: 0}
    m_Modifications:
    - target: {fileID: 3618773244543554768, guid: a4d1cb74d0341914b8e480be8e820e30,
        type: 3}
      propertyPath: m_Name
      value: Cannon (11)
      objectReference: {fileID: 0}
    - target: {fileID: 4074051655575319289, guid: a4d1cb74d0341914b8e480be8e820e30,
        type: 3}
      propertyPath: m_LocalPosition.x
      value: -0.29
      objectReference: {fileID: 0}
    - target: {fileID: 4074051655575319289, guid: a4d1cb74d0341914b8e480be8e820e30,
        type: 3}
      propertyPath: m_LocalPosition.y
      value: 0.587
      objectReference: {fileID: 0}
    - target: {fileID: 4074051655575319289, guid: a4d1cb74d0341914b8e480be8e820e30,
        type: 3}
      propertyPath: m_LocalPosition.z
      value: 2.38
      objectReference: {fileID: 0}
    - target: {fileID: 4074051655575319289, guid: a4d1cb74d0341914b8e480be8e820e30,
        type: 3}
      propertyPath: m_LocalRotation.x
      value: -0
      objectReference: {fileID: 0}
    - target: {fileID: 4074051655575319289, guid: a4d1cb74d0341914b8e480be8e820e30,
        type: 3}
      propertyPath: m_LocalRotation.y
      value: 0.7434811
      objectReference: {fileID: 0}
    - target: {fileID: 4074051655575319289, guid: a4d1cb74d0341914b8e480be8e820e30,
        type: 3}
      propertyPath: m_LocalRotation.z
      value: -0
      objectReference: {fileID: 0}
    - target: {fileID: 4074051655575319289, guid: a4d1cb74d0341914b8e480be8e820e30,
        type: 3}
      propertyPath: m_LocalRotation.w
      value: 0.66875696
      objectReference: {fileID: 0}
    - target: {fileID: 4074051655575319289, guid: a4d1cb74d0341914b8e480be8e820e30,
        type: 3}
      propertyPath: m_RootOrder
      value: 28
      objectReference: {fileID: 0}
    - target: {fileID: 4074051655575319289, guid: a4d1cb74d0341914b8e480be8e820e30,
        type: 3}
      propertyPath: m_LocalEulerAnglesHint.x
      value: 0
      objectReference: {fileID: 0}
    - target: {fileID: 4074051655575319289, guid: a4d1cb74d0341914b8e480be8e820e30,
        type: 3}
      propertyPath: m_LocalEulerAnglesHint.y
      value: 96.05801
      objectReference: {fileID: 0}
    - target: {fileID: 4074051655575319289, guid: a4d1cb74d0341914b8e480be8e820e30,
        type: 3}
      propertyPath: m_LocalEulerAnglesHint.z
      value: 0
      objectReference: {fileID: 0}
    m_RemovedComponents: []
  m_SourcePrefab: {fileID: 100100000, guid: a4d1cb74d0341914b8e480be8e820e30, type: 3}
--- !u!1001 &184009620566702350
PrefabInstance:
  m_ObjectHideFlags: 0
  serializedVersion: 2
  m_Modification:
    m_TransformParent: {fileID: 0}
    m_Modifications:
    - target: {fileID: 7888607527598626922, guid: 85c02859693fd8e4ea1efd5cb243eedc,
        type: 3}
      propertyPath: m_Name
      value: ContinuousBallSpawner
      objectReference: {fileID: 0}
    - target: {fileID: 8224701539102008262, guid: 85c02859693fd8e4ea1efd5cb243eedc,
        type: 3}
      propertyPath: m_LocalPosition.x
      value: 0.456
      objectReference: {fileID: 0}
    - target: {fileID: 8224701539102008262, guid: 85c02859693fd8e4ea1efd5cb243eedc,
        type: 3}
      propertyPath: m_LocalPosition.y
      value: 1.646
      objectReference: {fileID: 0}
    - target: {fileID: 8224701539102008262, guid: 85c02859693fd8e4ea1efd5cb243eedc,
        type: 3}
      propertyPath: m_LocalPosition.z
      value: 2.364
      objectReference: {fileID: 0}
    - target: {fileID: 8224701539102008262, guid: 85c02859693fd8e4ea1efd5cb243eedc,
        type: 3}
      propertyPath: m_LocalRotation.x
      value: 0.019217767
      objectReference: {fileID: 0}
    - target: {fileID: 8224701539102008262, guid: 85c02859693fd8e4ea1efd5cb243eedc,
        type: 3}
      propertyPath: m_LocalRotation.y
      value: -0.87201065
      objectReference: {fileID: 0}
    - target: {fileID: 8224701539102008262, guid: 85c02859693fd8e4ea1efd5cb243eedc,
        type: 3}
      propertyPath: m_LocalRotation.z
      value: -0.48191836
      objectReference: {fileID: 0}
    - target: {fileID: 8224701539102008262, guid: 85c02859693fd8e4ea1efd5cb243eedc,
        type: 3}
      propertyPath: m_LocalRotation.w
      value: 0.08356387
      objectReference: {fileID: 0}
    - target: {fileID: 8224701539102008262, guid: 85c02859693fd8e4ea1efd5cb243eedc,
        type: 3}
      propertyPath: m_RootOrder
      value: 16
      objectReference: {fileID: 0}
    - target: {fileID: 8224701539102008262, guid: 85c02859693fd8e4ea1efd5cb243eedc,
        type: 3}
      propertyPath: m_LocalEulerAnglesHint.x
      value: -56.852
      objectReference: {fileID: 0}
    - target: {fileID: 8224701539102008262, guid: 85c02859693fd8e4ea1efd5cb243eedc,
        type: 3}
      propertyPath: m_LocalEulerAnglesHint.y
      value: -162.518
      objectReference: {fileID: 0}
    - target: {fileID: 8224701539102008262, guid: 85c02859693fd8e4ea1efd5cb243eedc,
        type: 3}
      propertyPath: m_LocalEulerAnglesHint.z
      value: -12.040001
      objectReference: {fileID: 0}
    - target: {fileID: 3514662373439551103, guid: 85c02859693fd8e4ea1efd5cb243eedc,
        type: 3}
      propertyPath: power
      value: 4.97
      objectReference: {fileID: 0}
    - target: {fileID: 3514662373439551103, guid: 85c02859693fd8e4ea1efd5cb243eedc,
        type: 3}
      propertyPath: interval
      value: 4
      objectReference: {fileID: 0}
    m_RemovedComponents: []
  m_SourcePrefab: {fileID: 100100000, guid: 85c02859693fd8e4ea1efd5cb243eedc, type: 3}
--- !u!1001 &1695656294724508174
PrefabInstance:
  m_ObjectHideFlags: 0
  serializedVersion: 2
  m_Modification:
    m_TransformParent: {fileID: 0}
    m_Modifications:
    - target: {fileID: 1020992430728597523, guid: 426d596fd63c60447aeb804a31215bed,
        type: 3}
      propertyPath: m_Name
      value: BoxGoal
      objectReference: {fileID: 0}
    - target: {fileID: 6532528944954000213, guid: 426d596fd63c60447aeb804a31215bed,
        type: 3}
      propertyPath: m_LocalPosition.x
      value: 0.157
      objectReference: {fileID: 0}
    - target: {fileID: 6532528944954000213, guid: 426d596fd63c60447aeb804a31215bed,
        type: 3}
      propertyPath: m_LocalPosition.y
      value: 1.334
      objectReference: {fileID: 0}
    - target: {fileID: 6532528944954000213, guid: 426d596fd63c60447aeb804a31215bed,
        type: 3}
      propertyPath: m_LocalPosition.z
      value: -0.086
      objectReference: {fileID: 0}
    - target: {fileID: 6532528944954000213, guid: 426d596fd63c60447aeb804a31215bed,
        type: 3}
      propertyPath: m_LocalRotation.x
      value: -0
      objectReference: {fileID: 0}
    - target: {fileID: 6532528944954000213, guid: 426d596fd63c60447aeb804a31215bed,
        type: 3}
      propertyPath: m_LocalRotation.y
      value: -0.6087618
      objectReference: {fileID: 0}
    - target: {fileID: 6532528944954000213, guid: 426d596fd63c60447aeb804a31215bed,
        type: 3}
      propertyPath: m_LocalRotation.z
      value: -0
      objectReference: {fileID: 0}
    - target: {fileID: 6532528944954000213, guid: 426d596fd63c60447aeb804a31215bed,
        type: 3}
      propertyPath: m_LocalRotation.w
      value: 0.7933531
      objectReference: {fileID: 0}
    - target: {fileID: 6532528944954000213, guid: 426d596fd63c60447aeb804a31215bed,
        type: 3}
      propertyPath: m_RootOrder
      value: 15
      objectReference: {fileID: 0}
    - target: {fileID: 6532528944954000213, guid: 426d596fd63c60447aeb804a31215bed,
        type: 3}
      propertyPath: m_LocalEulerAnglesHint.x
      value: 0
      objectReference: {fileID: 0}
    - target: {fileID: 6532528944954000213, guid: 426d596fd63c60447aeb804a31215bed,
        type: 3}
      propertyPath: m_LocalEulerAnglesHint.y
      value: -75
      objectReference: {fileID: 0}
    - target: {fileID: 6532528944954000213, guid: 426d596fd63c60447aeb804a31215bed,
        type: 3}
      propertyPath: m_LocalEulerAnglesHint.z
      value: 0
      objectReference: {fileID: 0}
    m_RemovedComponents: []
  m_SourcePrefab: {fileID: 100100000, guid: 426d596fd63c60447aeb804a31215bed, type: 3}
--- !u!1001 &1913491406362817394
PrefabInstance:
  m_ObjectHideFlags: 0
  serializedVersion: 2
  m_Modification:
    m_TransformParent: {fileID: 0}
    m_Modifications:
    - target: {fileID: 1913491406735609223, guid: 44b47faed7b518a49ab8574fbbe9752f,
        type: 3}
      propertyPath: m_Name
      value: BigSlide
      objectReference: {fileID: 0}
    - target: {fileID: 1913491406735609220, guid: 44b47faed7b518a49ab8574fbbe9752f,
        type: 3}
      propertyPath: m_LocalPosition.x
      value: 0.79499996
      objectReference: {fileID: 0}
    - target: {fileID: 1913491406735609220, guid: 44b47faed7b518a49ab8574fbbe9752f,
        type: 3}
      propertyPath: m_LocalPosition.y
      value: 1.7264128
      objectReference: {fileID: 0}
    - target: {fileID: 1913491406735609220, guid: 44b47faed7b518a49ab8574fbbe9752f,
        type: 3}
      propertyPath: m_LocalPosition.z
      value: -0.7099999
      objectReference: {fileID: 0}
    - target: {fileID: 1913491406735609220, guid: 44b47faed7b518a49ab8574fbbe9752f,
        type: 3}
      propertyPath: m_LocalRotation.x
      value: 0
      objectReference: {fileID: 0}
    - target: {fileID: 1913491406735609220, guid: 44b47faed7b518a49ab8574fbbe9752f,
        type: 3}
      propertyPath: m_LocalRotation.y
      value: 0
      objectReference: {fileID: 0}
    - target: {fileID: 1913491406735609220, guid: 44b47faed7b518a49ab8574fbbe9752f,
        type: 3}
      propertyPath: m_LocalRotation.z
      value: 0
      objectReference: {fileID: 0}
    - target: {fileID: 1913491406735609220, guid: 44b47faed7b518a49ab8574fbbe9752f,
        type: 3}
      propertyPath: m_LocalRotation.w
      value: 1
      objectReference: {fileID: 0}
    - target: {fileID: 1913491406735609220, guid: 44b47faed7b518a49ab8574fbbe9752f,
        type: 3}
      propertyPath: m_RootOrder
      value: 6
      objectReference: {fileID: 0}
    - target: {fileID: 1913491406735609220, guid: 44b47faed7b518a49ab8574fbbe9752f,
        type: 3}
      propertyPath: m_LocalEulerAnglesHint.x
      value: 0
      objectReference: {fileID: 0}
    - target: {fileID: 1913491406735609220, guid: 44b47faed7b518a49ab8574fbbe9752f,
        type: 3}
      propertyPath: m_LocalEulerAnglesHint.y
      value: 0
      objectReference: {fileID: 0}
    - target: {fileID: 1913491406735609220, guid: 44b47faed7b518a49ab8574fbbe9752f,
        type: 3}
      propertyPath: m_LocalEulerAnglesHint.z
      value: 0
      objectReference: {fileID: 0}
    - target: {fileID: 1913491405287489746, guid: 44b47faed7b518a49ab8574fbbe9752f,
        type: 3}
      propertyPath: m_Materials.Array.data[0]
      value: 
      objectReference: {fileID: 2100000, guid: b2e34385f12f86f4991931ff00354438, type: 2}
    - target: {fileID: 1913491406116764418, guid: 44b47faed7b518a49ab8574fbbe9752f,
        type: 3}
      propertyPath: m_Materials.Array.data[0]
      value: 
      objectReference: {fileID: 2100000, guid: b2e34385f12f86f4991931ff00354438, type: 2}
    - target: {fileID: 1913491407239795062, guid: 44b47faed7b518a49ab8574fbbe9752f,
        type: 3}
      propertyPath: m_Materials.Array.data[0]
      value: 
      objectReference: {fileID: 2100000, guid: b2e34385f12f86f4991931ff00354438, type: 2}
    - target: {fileID: 1913491406346450051, guid: 44b47faed7b518a49ab8574fbbe9752f,
        type: 3}
      propertyPath: m_Materials.Array.data[0]
      value: 
      objectReference: {fileID: 2100000, guid: b2e34385f12f86f4991931ff00354438, type: 2}
    - target: {fileID: 1913491405237305499, guid: 44b47faed7b518a49ab8574fbbe9752f,
        type: 3}
      propertyPath: m_Materials.Array.data[0]
      value: 
      objectReference: {fileID: 2100000, guid: b2e34385f12f86f4991931ff00354438, type: 2}
    - target: {fileID: 1913491407326406143, guid: 44b47faed7b518a49ab8574fbbe9752f,
        type: 3}
      propertyPath: m_Materials.Array.data[0]
      value: 
      objectReference: {fileID: 2100000, guid: b2e34385f12f86f4991931ff00354438, type: 2}
    m_RemovedComponents: []
  m_SourcePrefab: {fileID: 100100000, guid: 44b47faed7b518a49ab8574fbbe9752f, type: 3}
--- !u!1001 &3175551375363325625
PrefabInstance:
  m_ObjectHideFlags: 0
  serializedVersion: 2
  m_Modification:
    m_TransformParent: {fileID: 0}
    m_Modifications:
    - target: {fileID: 4475382971298454142, guid: 423f972be2aad344fb731f43816ebe6f,
        type: 3}
      propertyPath: m_Name
      value: TennisBoll
      objectReference: {fileID: 0}
    - target: {fileID: 8872687961607243, guid: 423f972be2aad344fb731f43816ebe6f, type: 3}
      propertyPath: m_LocalPosition.x
      value: 0.001
      objectReference: {fileID: 0}
    - target: {fileID: 8872687961607243, guid: 423f972be2aad344fb731f43816ebe6f, type: 3}
      propertyPath: m_LocalPosition.y
      value: 1.935
      objectReference: {fileID: 0}
    - target: {fileID: 8872687961607243, guid: 423f972be2aad344fb731f43816ebe6f, type: 3}
      propertyPath: m_LocalPosition.z
      value: -1.392
      objectReference: {fileID: 0}
    - target: {fileID: 8872687961607243, guid: 423f972be2aad344fb731f43816ebe6f, type: 3}
      propertyPath: m_LocalRotation.x
      value: 0
      objectReference: {fileID: 0}
    - target: {fileID: 8872687961607243, guid: 423f972be2aad344fb731f43816ebe6f, type: 3}
      propertyPath: m_LocalRotation.y
      value: 0
      objectReference: {fileID: 0}
    - target: {fileID: 8872687961607243, guid: 423f972be2aad344fb731f43816ebe6f, type: 3}
      propertyPath: m_LocalRotation.z
      value: 0
      objectReference: {fileID: 0}
    - target: {fileID: 8872687961607243, guid: 423f972be2aad344fb731f43816ebe6f, type: 3}
      propertyPath: m_LocalRotation.w
      value: 1
      objectReference: {fileID: 0}
    - target: {fileID: 8872687961607243, guid: 423f972be2aad344fb731f43816ebe6f, type: 3}
      propertyPath: m_RootOrder
      value: 5
      objectReference: {fileID: 0}
    - target: {fileID: 8872687961607243, guid: 423f972be2aad344fb731f43816ebe6f, type: 3}
      propertyPath: m_LocalEulerAnglesHint.x
      value: 0
      objectReference: {fileID: 0}
    - target: {fileID: 8872687961607243, guid: 423f972be2aad344fb731f43816ebe6f, type: 3}
      propertyPath: m_LocalEulerAnglesHint.y
      value: 0
      objectReference: {fileID: 0}
    - target: {fileID: 8872687961607243, guid: 423f972be2aad344fb731f43816ebe6f, type: 3}
      propertyPath: m_LocalEulerAnglesHint.z
      value: 0
      objectReference: {fileID: 0}
    - target: {fileID: 7496485387650941219, guid: 423f972be2aad344fb731f43816ebe6f,
        type: 3}
      propertyPath: m_Materials.Array.data[0]
      value: 
      objectReference: {fileID: 2100000, guid: b2e34385f12f86f4991931ff00354438, type: 2}
    m_RemovedComponents: []
  m_SourcePrefab: {fileID: 100100000, guid: 423f972be2aad344fb731f43816ebe6f, type: 3}
--- !u!1001 &5931739552582968734
PrefabInstance:
  m_ObjectHideFlags: 0
  serializedVersion: 2
  m_Modification:
    m_TransformParent: {fileID: 0}
    m_Modifications:
    - target: {fileID: 4638971592852447639, guid: d1a9881953ad57d4bac168480d5580eb,
        type: 3}
      propertyPath: m_Name
      value: MultiCannon
      objectReference: {fileID: 0}
    - target: {fileID: 8896305729347759738, guid: d1a9881953ad57d4bac168480d5580eb,
        type: 3}
      propertyPath: m_LocalPosition.x
      value: -1.271
      objectReference: {fileID: 0}
    - target: {fileID: 8896305729347759738, guid: d1a9881953ad57d4bac168480d5580eb,
        type: 3}
      propertyPath: m_LocalPosition.y
      value: 1.267
      objectReference: {fileID: 0}
    - target: {fileID: 8896305729347759738, guid: d1a9881953ad57d4bac168480d5580eb,
        type: 3}
      propertyPath: m_LocalPosition.z
      value: -0.306
      objectReference: {fileID: 0}
    - target: {fileID: 8896305729347759738, guid: d1a9881953ad57d4bac168480d5580eb,
        type: 3}
      propertyPath: m_LocalRotation.x
      value: -0
      objectReference: {fileID: 0}
    - target: {fileID: 8896305729347759738, guid: d1a9881953ad57d4bac168480d5580eb,
        type: 3}
      propertyPath: m_LocalRotation.y
      value: 0.9394247
      objectReference: {fileID: 0}
    - target: {fileID: 8896305729347759738, guid: d1a9881953ad57d4bac168480d5580eb,
        type: 3}
      propertyPath: m_LocalRotation.z
      value: -0
      objectReference: {fileID: 0}
    - target: {fileID: 8896305729347759738, guid: d1a9881953ad57d4bac168480d5580eb,
        type: 3}
      propertyPath: m_LocalRotation.w
      value: 0.34275553
      objectReference: {fileID: 0}
    - target: {fileID: 8896305729347759738, guid: d1a9881953ad57d4bac168480d5580eb,
        type: 3}
      propertyPath: m_RootOrder
      value: 17
      objectReference: {fileID: 0}
    - target: {fileID: 8896305729347759738, guid: d1a9881953ad57d4bac168480d5580eb,
        type: 3}
      propertyPath: m_LocalEulerAnglesHint.x
      value: 0
      objectReference: {fileID: 0}
    - target: {fileID: 8896305729347759738, guid: d1a9881953ad57d4bac168480d5580eb,
        type: 3}
      propertyPath: m_LocalEulerAnglesHint.y
      value: 139.91
      objectReference: {fileID: 0}
    - target: {fileID: 8896305729347759738, guid: d1a9881953ad57d4bac168480d5580eb,
        type: 3}
      propertyPath: m_LocalEulerAnglesHint.z
      value: 0
      objectReference: {fileID: 0}
    m_RemovedComponents: []
  m_SourcePrefab: {fileID: 100100000, guid: d1a9881953ad57d4bac168480d5580eb, type: 3}
--- !u!1001 &7455028608510490212
PrefabInstance:
  m_ObjectHideFlags: 0
  serializedVersion: 2
  m_Modification:
    m_TransformParent: {fileID: 0}
    m_Modifications:
    - target: {fileID: 7455028607935439387, guid: 1b55b624760e5734180094a70f2d52ca,
        type: 3}
      propertyPath: m_Name
      value: LaserExtreme
      objectReference: {fileID: 0}
    - target: {fileID: 7455028607935439590, guid: 1b55b624760e5734180094a70f2d52ca,
        type: 3}
      propertyPath: m_LocalPosition.x
      value: 0
      objectReference: {fileID: 0}
    - target: {fileID: 7455028607935439590, guid: 1b55b624760e5734180094a70f2d52ca,
        type: 3}
      propertyPath: m_LocalPosition.y
      value: 0
      objectReference: {fileID: 0}
    - target: {fileID: 7455028607935439590, guid: 1b55b624760e5734180094a70f2d52ca,
        type: 3}
      propertyPath: m_LocalPosition.z
      value: 0
      objectReference: {fileID: 0}
    - target: {fileID: 7455028607935439590, guid: 1b55b624760e5734180094a70f2d52ca,
        type: 3}
      propertyPath: m_LocalRotation.x
      value: -0
      objectReference: {fileID: 0}
    - target: {fileID: 7455028607935439590, guid: 1b55b624760e5734180094a70f2d52ca,
        type: 3}
      propertyPath: m_LocalRotation.y
      value: -0
      objectReference: {fileID: 0}
    - target: {fileID: 7455028607935439590, guid: 1b55b624760e5734180094a70f2d52ca,
        type: 3}
      propertyPath: m_LocalRotation.z
      value: -0
      objectReference: {fileID: 0}
    - target: {fileID: 7455028607935439590, guid: 1b55b624760e5734180094a70f2d52ca,
        type: 3}
      propertyPath: m_LocalRotation.w
      value: 1
      objectReference: {fileID: 0}
    - target: {fileID: 7455028607935439590, guid: 1b55b624760e5734180094a70f2d52ca,
        type: 3}
      propertyPath: m_RootOrder
      value: 9
      objectReference: {fileID: 0}
    - target: {fileID: 7455028607935439590, guid: 1b55b624760e5734180094a70f2d52ca,
        type: 3}
      propertyPath: m_LocalEulerAnglesHint.x
      value: 0
      objectReference: {fileID: 0}
    - target: {fileID: 7455028607935439590, guid: 1b55b624760e5734180094a70f2d52ca,
        type: 3}
      propertyPath: m_LocalEulerAnglesHint.y
      value: 0
      objectReference: {fileID: 0}
    - target: {fileID: 7455028607935439590, guid: 1b55b624760e5734180094a70f2d52ca,
        type: 3}
      propertyPath: m_LocalEulerAnglesHint.z
      value: 0
      objectReference: {fileID: 0}
    - target: {fileID: 7455028607935439588, guid: 1b55b624760e5734180094a70f2d52ca,
        type: 3}
      propertyPath: target
      value: 
      objectReference: {fileID: 0}
    m_RemovedComponents: []
  m_SourcePrefab: {fileID: 100100000, guid: 1b55b624760e5734180094a70f2d52ca, type: 3}
--- !u!1001 &8486527555800600322
PrefabInstance:
  m_ObjectHideFlags: 0
  serializedVersion: 2
  m_Modification:
    m_TransformParent: {fileID: 0}
    m_Modifications:
    - target: {fileID: 340186711609186354, guid: 7ffdaaea52cdeac459bd9589a431e90f,
        type: 3}
      propertyPath: m_Name
      value: Collector
      objectReference: {fileID: 0}
    - target: {fileID: 5966093221422143562, guid: 7ffdaaea52cdeac459bd9589a431e90f,
        type: 3}
      propertyPath: m_LocalPosition.x
      value: -0.251
      objectReference: {fileID: 0}
    - target: {fileID: 5966093221422143562, guid: 7ffdaaea52cdeac459bd9589a431e90f,
        type: 3}
      propertyPath: m_LocalPosition.y
      value: 1.332
      objectReference: {fileID: 0}
    - target: {fileID: 5966093221422143562, guid: 7ffdaaea52cdeac459bd9589a431e90f,
        type: 3}
      propertyPath: m_LocalPosition.z
      value: 0.192
      objectReference: {fileID: 0}
    - target: {fileID: 5966093221422143562, guid: 7ffdaaea52cdeac459bd9589a431e90f,
        type: 3}
      propertyPath: m_LocalRotation.x
      value: -0
      objectReference: {fileID: 0}
    - target: {fileID: 5966093221422143562, guid: 7ffdaaea52cdeac459bd9589a431e90f,
        type: 3}
      propertyPath: m_LocalRotation.y
      value: 0.7434811
      objectReference: {fileID: 0}
    - target: {fileID: 5966093221422143562, guid: 7ffdaaea52cdeac459bd9589a431e90f,
        type: 3}
      propertyPath: m_LocalRotation.z
      value: -0
      objectReference: {fileID: 0}
    - target: {fileID: 5966093221422143562, guid: 7ffdaaea52cdeac459bd9589a431e90f,
        type: 3}
      propertyPath: m_LocalRotation.w
      value: 0.66875696
      objectReference: {fileID: 0}
    - target: {fileID: 5966093221422143562, guid: 7ffdaaea52cdeac459bd9589a431e90f,
        type: 3}
      propertyPath: m_RootOrder
      value: 19
      objectReference: {fileID: 0}
    - target: {fileID: 5966093221422143562, guid: 7ffdaaea52cdeac459bd9589a431e90f,
        type: 3}
      propertyPath: m_LocalEulerAnglesHint.x
      value: 0
      objectReference: {fileID: 0}
    - target: {fileID: 5966093221422143562, guid: 7ffdaaea52cdeac459bd9589a431e90f,
        type: 3}
      propertyPath: m_LocalEulerAnglesHint.y
      value: 96.05801
      objectReference: {fileID: 0}
    - target: {fileID: 5966093221422143562, guid: 7ffdaaea52cdeac459bd9589a431e90f,
        type: 3}
      propertyPath: m_LocalEulerAnglesHint.z
      value: 0
      objectReference: {fileID: 0}
    m_RemovedComponents: []
  m_SourcePrefab: {fileID: 100100000, guid: 7ffdaaea52cdeac459bd9589a431e90f, type: 3}
--- !u!1001 &8847181786867004702
PrefabInstance:
  m_ObjectHideFlags: 0
  serializedVersion: 2
  m_Modification:
    m_TransformParent: {fileID: 0}
    m_Modifications:
    - target: {fileID: 3618773244543554768, guid: a4d1cb74d0341914b8e480be8e820e30,
        type: 3}
      propertyPath: m_Name
      value: Cannon
      objectReference: {fileID: 0}
    - target: {fileID: 4074051655575319289, guid: a4d1cb74d0341914b8e480be8e820e30,
        type: 3}
      propertyPath: m_LocalPosition.x
      value: 1.67
      objectReference: {fileID: 0}
    - target: {fileID: 4074051655575319289, guid: a4d1cb74d0341914b8e480be8e820e30,
        type: 3}
      propertyPath: m_LocalPosition.y
      value: 0.587
      objectReference: {fileID: 0}
    - target: {fileID: 4074051655575319289, guid: a4d1cb74d0341914b8e480be8e820e30,
        type: 3}
      propertyPath: m_LocalPosition.z
      value: 1.4
      objectReference: {fileID: 0}
    - target: {fileID: 4074051655575319289, guid: a4d1cb74d0341914b8e480be8e820e30,
        type: 3}
      propertyPath: m_LocalRotation.x
      value: -0
      objectReference: {fileID: 0}
    - target: {fileID: 4074051655575319289, guid: a4d1cb74d0341914b8e480be8e820e30,
        type: 3}
      propertyPath: m_LocalRotation.y
      value: 0.7434811
      objectReference: {fileID: 0}
    - target: {fileID: 4074051655575319289, guid: a4d1cb74d0341914b8e480be8e820e30,
        type: 3}
      propertyPath: m_LocalRotation.z
      value: -0
      objectReference: {fileID: 0}
    - target: {fileID: 4074051655575319289, guid: a4d1cb74d0341914b8e480be8e820e30,
        type: 3}
      propertyPath: m_LocalRotation.w
      value: 0.66875696
      objectReference: {fileID: 0}
    - target: {fileID: 4074051655575319289, guid: a4d1cb74d0341914b8e480be8e820e30,
        type: 3}
      propertyPath: m_RootOrder
      value: 12
      objectReference: {fileID: 0}
    - target: {fileID: 4074051655575319289, guid: a4d1cb74d0341914b8e480be8e820e30,
        type: 3}
      propertyPath: m_LocalEulerAnglesHint.x
      value: 0
      objectReference: {fileID: 0}
    - target: {fileID: 4074051655575319289, guid: a4d1cb74d0341914b8e480be8e820e30,
        type: 3}
      propertyPath: m_LocalEulerAnglesHint.y
      value: 96.05801
      objectReference: {fileID: 0}
    - target: {fileID: 4074051655575319289, guid: a4d1cb74d0341914b8e480be8e820e30,
        type: 3}
      propertyPath: m_LocalEulerAnglesHint.z
      value: 0
      objectReference: {fileID: 0}
    m_RemovedComponents: []
  m_SourcePrefab: {fileID: 100100000, guid: a4d1cb74d0341914b8e480be8e820e30, type: 3}
--- !u!1001 &9097982268575927550
PrefabInstance:
  m_ObjectHideFlags: 0
  serializedVersion: 2
  m_Modification:
    m_TransformParent: {fileID: 0}
    m_Modifications:
    - target: {fileID: 6222602933086136272, guid: dbfb416e1ddd6a746a00f7c7e913c830,
        type: 3}
      propertyPath: m_Name
      value: UltraMultiCannon
      objectReference: {fileID: 0}
    - target: {fileID: 8970908423730147992, guid: dbfb416e1ddd6a746a00f7c7e913c830,
        type: 3}
      propertyPath: m_LocalPosition.x
      value: -2.41
      objectReference: {fileID: 0}
    - target: {fileID: 8970908423730147992, guid: dbfb416e1ddd6a746a00f7c7e913c830,
        type: 3}
      propertyPath: m_LocalPosition.y
      value: 1.309
      objectReference: {fileID: 0}
    - target: {fileID: 8970908423730147992, guid: dbfb416e1ddd6a746a00f7c7e913c830,
        type: 3}
      propertyPath: m_LocalPosition.z
      value: 1.814
      objectReference: {fileID: 0}
    - target: {fileID: 8970908423730147992, guid: dbfb416e1ddd6a746a00f7c7e913c830,
        type: 3}
      propertyPath: m_LocalRotation.x
      value: -0
      objectReference: {fileID: 0}
    - target: {fileID: 8970908423730147992, guid: dbfb416e1ddd6a746a00f7c7e913c830,
        type: 3}
      propertyPath: m_LocalRotation.y
      value: 0.9394247
      objectReference: {fileID: 0}
    - target: {fileID: 8970908423730147992, guid: dbfb416e1ddd6a746a00f7c7e913c830,
        type: 3}
      propertyPath: m_LocalRotation.z
      value: -0
      objectReference: {fileID: 0}
    - target: {fileID: 8970908423730147992, guid: dbfb416e1ddd6a746a00f7c7e913c830,
        type: 3}
      propertyPath: m_LocalRotation.w
      value: 0.34275553
      objectReference: {fileID: 0}
    - target: {fileID: 8970908423730147992, guid: dbfb416e1ddd6a746a00f7c7e913c830,
        type: 3}
      propertyPath: m_RootOrder
      value: 18
      objectReference: {fileID: 0}
    - target: {fileID: 8970908423730147992, guid: dbfb416e1ddd6a746a00f7c7e913c830,
        type: 3}
      propertyPath: m_LocalEulerAnglesHint.x
      value: 0
      objectReference: {fileID: 0}
    - target: {fileID: 8970908423730147992, guid: dbfb416e1ddd6a746a00f7c7e913c830,
        type: 3}
      propertyPath: m_LocalEulerAnglesHint.y
      value: 139.91
      objectReference: {fileID: 0}
    - target: {fileID: 8970908423730147992, guid: dbfb416e1ddd6a746a00f7c7e913c830,
        type: 3}
      propertyPath: m_LocalEulerAnglesHint.z
      value: 0
      objectReference: {fileID: 0}
    m_RemovedComponents: []
  m_SourcePrefab: {fileID: 100100000, guid: dbfb416e1ddd6a746a00f7c7e913c830, type: 3}
